3867 6034
480 701 540 762 156
827 700 1019 763 muricus
1046 701 1100 762 OF
1127 701 1327 763 ERASMUS
1582 699 1677 783 [1517

477 857 596 936 patriae
606 859 853 935 anteposueram,
867 859 1057 919 amoenitate
1066 858 1128 919 huc
1139 858 1298 920 nolentem
1306 858 1505 937 inuitumque
1515 858 1678 919 abstraxit.

438 975 468 1011 10
479 954 641 1032 Siquidem
652 955 827 1017 Cardinalis
837 954 1024 1017 Sanctorum
1037 959 1178 1034 quatuor,
1191 958 1241 1018 cui
1254 957 1321 1017 illic
1335 956 1520 1029 seruiebam,
1532 958 1680 1033 nepotem

479 1072 518 1113 ex
540 1053 636 1113 fratre
658 1072 753 1114 suum
773 1054 812 1115 ad
837 1054 979 1115 Eluetios
1006 1056 1158 1117 nuncium
1185 1055 1402 1133 Apostolicum
1429 1053 1680 1132 proficiscentem

479 1150 568 1229 sequi
585 1170 636 1211 me
653 1151 764 1214 iussit:
785 1171 842 1213 nec
860 1172 917 1231 ego
933 1152 1061 1233 δυσωπίᾳ
1078 1152 1223 1215 laborans
1239 1152 1407 1231 quicquam
1426 1153 1456 1211 ei
1477 1170 1590 1229 negare
1608 1170 1680 1212 sum

480 1267 583 1323 ausus,
600 1269 780 1327 quanquam
794 1250 1002 1313 Homericum
1016 1251 1096 1313 illud
1110 1270 1235 1312 mecum
1248 1251 1383 1313 subinde
1396 1256 1549 1328 repetens,

770 1379 852 1442 Tim·
868 1381 911 1451 dv,
926 1382 948 1441 ὧ
962 1382 1090 1460 δύστηνε,
1105 1384 1195 1442 λιπὼν
1209 1383 1283 1457 φάος
1295 1382 1412 1459 ἠελίοιο.

441 1542 468 1591 ¹5
481 1510 571 1585 Quod
585 1510 614 1570 si
627 1514 789 1588 peccatum
803 1512 928 1591 aliquod
942 1532 1051 1574 meum
1065 1512 1133 1589 luit,
1149 1514 1213 1574 iam
1227 1517 1360 1591 quatuor
1376 1532 1500 1574 menses
1513 1510 1682 1573 continuos

480 1628 596 1687 poenas
610 1611 761 1685 persoluo,
776 1611 879 1672 multo
896 1610 992 1673 etiam
1007 1612 1121 1691 plures,
1137 1612 1201 1673 nisi
1218 1612 1333 1689 aliquis
1353 1612 1430 1672 deus
1447 1611 1529 1672 mihi
1545 1608 1680 1682 affuerit,

480 1726 681 1782 expensurus,
696 1728 812 1785 magno
825 1729 862 1769 ac
877 1728 957 1787 pene
973 1709 1150 1770 incredibili
1167 1709 1278 1771 solatio
1292 1709 1444 1788 priuatus,
1460 1709 1560 1769 Paceo
1573 1710 1682 1767 nostro

481 1803 645 1866 videlicet:
667 1806 722 1883 qui
734 1807 885 1884 quamdiu
895 1807 1097 1868 Constantius
1110 1807 1181 1881 fuit,
1197 1829 1249 1868 ma
1262 1808 1379 1868 crebris
1392 1806 1682 1882 amantissimisque

482 1902 549 1963 suis
561 1902 663 1963 literis
675 1903 754 1964 adeo
766 1904 938 1981 permulxit
950 1907 987 1966 vt
999 1904 1049 1966 vel
1063 1905 1201 1966 Athenis
1214 1924 1282 1967 esse
1296 1904 1439 1982 mihiipsi
1452 1905 1583 1965 viderer.

441 2021 471 2056 20
523 2000 585 2060 Sed
599 2000 675 2077 quid
687 2020 745 2080 ego
758 2001 834 2062 haec
847 2002 886 2062 ad
901 2005 959 2063 te?
978 2003 1069 2081 quasi
1081 2005 1118 2062 tu
1131 2002 1267 2065 miseriis
1281 2006 1361 2064 meis
1374 2002 1539 2064 audiendis
1551 1999 1682 2063 omnino

482 2117 580 2159 vaces.
624 2098 675 2159 Ma
702 2099 805 2161 adhuc
828 2119 930 2161 vnum
955 2103 1081 2174 recreat,
1108 2100 1234 2178 vigiliae
1261 2101 1382 2162 scilicet
1408 2120 1443 2161 ac
1470 2100 1590 2161 labores
1616 2097 1682 2159 tui:

482 2196 598 2274 quibus
611 2197 735 2259 assidua
748 2198 936 2259 incumbens
953 2199 1090 2277 regionis
1108 2198 1203 2260 huius
1218 2200 1339 2261 tedium
1355 2199 1581 2276 aliquantisper
1595 2193 1680 2258 fallo.

483 2292 575 2355 Inter
590 2299 708 2357 caetera
726 2317 827 2375 nuper
844 2295 907 2375 legi
927 2295 1115 2376 Apologiam
1134 2299 1222 2359 tuam
1237 2298 1272 2358 in
1292 2297 1442 2372 Fabrum,
1456 2316 1551 2374 quam
1565 2295 1683 2355 Beatus

483 2393 656 2455 Rhenanus
676 2415 695 2456 a
713 2397 744 2455 te
764 2395 827 2456 sibi
845 2395 976 2457 missam
997 2397 1036 2457 ad
1055 2415 1107 2456 me
1126 2396 1291 2475 legendam
1311 2395 1495 2456 transmisit
1539 2392 1629 2453 Nihil
1647 2410 1683 2452 ea

442 2514 470 2563 ²5
483 2489 638 2552 eruditius
651 2491 733 2552 mihi
745 2493 851 2555 visum
869 2498 926 2556 est.
969 2495 1031 2557 Sed
1050 2494 1196 2567 Febrem,
1211 2514 1313 2573 quem,
1328 2513 1401 2554 cum
1418 2492 1480 2571 ipsi
1495 2492 1595 2553 famae
1613 2493 1684 2550 tum

485 2588 622 2650 maxime
635 2590 704 2665 tibi,
716 2592 772 2669 qui
785 2591 897 2653 multis
909 2612 945 2653 ac
958 2592 1084 2671 magnis
1094 2592 1239 2654 laudibus
1252 2592 1415 2654 hominem
1426 2590 1507 2651 mihi
1517 2588 1682 2661 extuleras,

485 2686 621 2763 credens,
643 2708 707 2749 non
725 2690 833 2752 minus
848 2692 1038 2770 prudentem
1055 2711 1150 2770 quam
1166 2692 1292 2752 doctum
1311 2709 1433 2767 semper
1453 2687 1578 2762 credidi,
1593 2686 1685 2748 valde

485 2805 558 2847 sum
584 2787 725 2861 miratus,
748 2789 831 2866 quod
859 2792 891 2850 te
917 2788 1095 2869 petulanter
1121 2788 1198 2850 adeo
1225 2789 1376 2849 incessere
1400 2786 1537 2849 voluerit
1560 2788 1596 2846 ut
1621 2803 1685 2844 non

484 2882 650 2944 literarum
667 2885 761 2947 modo
774 2887 828 2947 sed
842 2888 1021 2949 communis
1037 2887 1132 2949 etiam
1148 2906 1260 2948 sensus
1273 2886 1390 2948 oblitus
1406 2888 1559 2964 appareat.
1597 2881 1686 2959 Quod

440 3006 472 3054 30
485 2981 524 3042 ad
542 2981 671 3043 altiores
691 2983 874 3062 disciplinas
891 2984 1017 3061 attinet,
1031 3005 1072 3046 ne
1089 2985 1165 3063 quid
1182 3004 1277 3062 supra
1290 2984 1428 3046 calceum
1441 2983 1585 3057 iudicem,
1603 2980 1685 3042 nihil

484 3079 631 3157 equidem
648 3081 785 3160 proferre
803 3084 913 3144 ausim.
957 3083 1047 3159 Quod
1065 3102 1141 3143 vero
1159 3083 1198 3144 ad
1218 3082 1363 3144 Latinam
1381 3082 1570 3143 Graecamua
1587 3079 1686 3141 litera·

485 3182 591 3239 turam
611 3179 756 3257 pertinet,
778 3182 817 3242 de
838 3182 963 3260 scriptis
982 3183 1047 3243 tuis
1068 3182 1155 3259 (nam
1178 3180 1266 3243 illius
1289 3180 1380 3258 attigi
1398 3175 1574 3256 nunquam)
1595 3176 1687 3238 valde

485 3277 648 3339 hominem
669 3277 725 3339 risi
735 3303 744 3353 ;
764 3298 821 3339 nec
841 3280 881 3340 ab
900 3279 956 3341 illo
975 3282 1081 3341 nostro
1100 3279 1155 3357 qui
1171 3281 1248 3358 παρὰ
1267 3279 1319 3355 τὴν
1339 3277 1449 3339 εἴσοδον
1471 3276 1519 3336 ‘id
1537 3278 1586 3337 est
1602 3275 1686 3353 apud

485 3374 681 3437 Hesiodum'
701 3378 927 3455 interpretatus
945 3378 1054 3453 fuerat,
1075 3378 1109 3437 in
1130 3376 1318 3456 quibusdam
1339 3375 1478 3436 multum
1498 3373 1687 3435 dissimilem

441 3497 472 3547 35
485 3476 604 3552 putaui.
661 3475 722 3535 Sed
748 3478 783 3535 tu
811 3477 934 3554 egregie
964 3495 1130 3553 personam
1160 3474 1210 3535 illi
1237 3473 1401 3535 detraxisti
1427 3492 1462 3533 ac
1489 3474 1522 3532 te
1550 3469 1688 3549 perbelle

484 3572 666 3634 vendicasti.
719 3573 825 3633 Audio
846 3592 963 3634 nouam
983 3574 1077 3633 illum
1098 3573 1133 3632 in
1153 3575 1184 3634 te
1208 3571 1497 3633 reoriminationem
1521 3567 1687 3642 meditari;

486 3671 568 3747 quod
586 3670 718 3732 minime
738 3671 894 3731 facturum
913 3671 1014 3745 oredo,
1035 3689 1108 3731 cum
1127 3671 1224 3731 sciam
1240 3669 1360 3747 gallum
1382 3668 1542 3728 deuictum
1562 3669 1687 3727 cantare

486 3788 551 3829 non
565 3769 771 3830 consueuisse.
815 3770 984 3847 Vtcunque
998 3771 1103 3830 autem
1117 3767 1297 3842 decreuerit,
1313 3765 1485 3827 Herculem
1502 3768 1614 3825 nactus
1627 3767 1684 3824 est

527 3865 617 3941 Quod
637 3867 677 3927 ad
697 3871 836 3927 veterem
856 3886 959 3928 msam
980 3883 1053 3944 erga
1070 3869 1102 3926 te
1123 3864 1374 3926 beneuolentiam
1394 3862 1687 3939 obseruantiamque

441 3986 475 4037 40
486 3964 631 4041 pertinet,
646 3963 726 4023 nihil
739 3984 796 4041 ego
809 3984 894 4025 nunc
909 3966 1109 4044 repetamus
1122 3963 1205 4043 quod
1215 3966 1334 4024 certum
1350 3966 1398 4023 est
1411 3962 1500 4040 quasi
1509 3961 1544 4021 in
1555 3959 1688 4021 dubium

488 4079 632 4121 reuocare
657 4062 784 4122 videar:
805 4083 869 4124 non
892 4063 997 4125 hercle
1021 4062 1122 4140 magis
1146 4080 1241 4139 quam
1264 4063 1302 4121 vt
1323 4061 1384 4121 tibi
1407 4059 1547 4138 gratuler
1570 4057 1688 4136 scripta

487 4159 594 4221 omnia
607 4163 662 4221 tua
674 4160 788 4237 vbique
801 4161 946 4238 gentium
959 4181 995 4223 ac
1008 4161 1127 4222 Romae
1143 4158 1335 4237 praesertim,
1351 4158 1406 4218 vbi
1419 4176 1526 4217 rerum
1544 4155 1687 4217 omnium

522 4359 560 4394 ro.
578 4344 773 4394 Sanctorls&
790 4348 888 4393 corr.D.
992 4359 1030 4405 ¹4·
1048 4343 1094 4394 Dl:
1113 4342 1209 4392 dictave
1220 4346 1292 4391 lisa
1309 4339 1406 4403 dlarqrs
1418 4340 1459 4390 D¹.
1558 4355 1599 4390 oo.
1616 4338 1652 4389 ad
1663 4343 1689 4389 te

487 4414 524 4462 D:
540 4414 650 4460 uirtus.
743 4424 782 4472 ²9·
801 4411 885 4459 etiam
895 4414 953 4460 add.
965 4413 996 4461 D.
1087 4424 1128 4470 3⁰·
1146 4408 1266 4457 iudicem
1277 4412 1348 4458 Md:
1364 4410 1441 4456 sutor
1452 4410 1481 4456 D.
1570 4420 1612 4466 31.
1629 4419 1689 4468 pro·

487 4478 557 4525 ferre
568 4481 637 4527 lid:
654 4477 835 4540 pronunciare
845 4479 875 4525 D.
974 4489 1015 4536 33.
1033 4474 1078 4537 τὴν
1089 4479 1127 4525 D:
1144 4471 1189 4523 τὸν
1200 4478 1252 4523 HS.
1364 4475 1406 4533 3⁶·
1424 4484 1524 4520 nouam
1535 4474 1606 4522 lisa
1623 4484 1688 4521 nam

487 4546 524 4593 P:
541 4544 597 4592 iam
608 4546 641 4592 Η.
740 4556 781 4603 37.
800 4546 839 4591 D:
856 4540 967 4592 Gallum
978 4545 1030 4591 lis.

525 4724 980 4789 10.0ardinalis]LorenzoPuoci.
1114 4720 1258 4785 thirstory
1269 4735 1344 4770 more
1358 4719 1430 4782 fully
1443 4720 1475 4768 in
1486 4720 1686 4776 thamnam,

555 4793 694 4856 nepotem]
712 4793 780 4841 Ant.
793 4791 873 4839 Pacci
887 4807 895 4853 ς
912 4804 957 4838 ses
967 4804 994 4853 p.
1007 4803 1064 4851 379.
1115 4788 1172 4837 Oct.
1194 4801 1265 4850 1517,
1282 4801 1308 4850 p.
1328 4787 1373 4847 78:
1405 4786 1508 4847 adding
1528 4784 1591 4835 that
1614 4785 1687 4844 Pius,

527 4873 566 4919 13·
584 4857 775 4920 Homericum]
787 4857 826 4906 (ti.
841 4859 882 4904 Od.
897 4870 935 4905 rr.
947 4869 989 4917 93.
1115 4854 1206 4904 whose
1214 4867 1293 4902 name
1302 4852 1337 4901 hs
1345 4852 1409 4901 does
1420 4855 1469 4900 not
1478 4852 1546 4913 give,
1560 4851 1689 4900 ‘iactauit

523 4937 565 4985 33.
582 4923 631 4972 illo
641 4923 747 4986 nostro]
756 4924 821 4984 Bap.
833 4921 906 4984 Pius,
918 4925 976 4970 Dia
987 4936 1063 4979 mara.
1113 4933 1142 4968 se
1153 4921 1296 4979 oratorem,
1305 4921 1333 4966 et
1344 4930 1439 4966 omnes
1450 4918 1689 4979 grammaticorum

490 4988 613 5038 rothun
625 5004 668 5039 see
680 4989 730 5051 Ep.
742 4990 799 5049 256.
810 5001 856 5048 137
864 5002 892 5037 u.
926 4986 994 5036 Pace
1004 4985 1066 5035 tells
1114 4984 1199 5034 libros
1210 4985 1241 5034 in
1252 4984 1383 5032 latrinam
1394 4982 1596 5033 coniiciendos!
