3867 6034
819 711 1009 773 LETTERS
1036 710 1089 772 OF
1116 710 1316 772 ERASMUS
1571 706 1666 791 [1518

762 942 835 1003 819.
881 940 980 1005 Fnou
1004 940 1167 1005 Wrumau
1191 920 1367 1005 Budaeus,

502 1104 625 1175 l'anago
636 1121 665 1173 p.
679 1104 740 1172 363.
1453 1100 1540 1155 Paris.

500 1190 531 1246 F.
542 1209 570 1261 p.
585 1204 654 1257 207:
675 1188 745 1243 HN:
765 1188 855 1244 Lond.
870 1187 911 1244 iii.
924 1190 975 1259 65:
996 1188 1052 1245 LB.
1064 1206 1125 1259 409·
1362 1202 1397 1242 20
1414 1186 1495 1258 April
1511 1186 1629 1259 (1518).

623 1285 770 1350 [Probably
781 1287 843 1334 seut
853 1286 889 1346 by
900 1284 1117 1347 the-‘booksellen
1131 1283 1247 1346 Calvus;
1263 1284 1296 1333 cf.
1311 1284 1359 1346 Ep.
1372 1298 1428 1346 9²5·
1441 1298 1456 1329 α
1466 1282 1512 1348 ιι.],

775 1439 970 1489 ovn1nunvs
984 1421 1149 1494 ‚nvnauvs
1171 1438 1306 1486 uassuo
1328 1438 1354 1486 S.

498 1559 629 1622 'scm
642 1559 682 1620 ad
696 1564 728 1622 te
738 1559 789 1620 his
799 1559 908 1620 diebus
921 1578 977 1637 per
987 1558 1207 1619 scholasticum
1218 1560 1376 1637 quendam
1388 1559 1663 1638 Agrippinensem,

463 1657 626 1719 hominem
647 1658 912 1720 humanissimum
930 1660 971 1727 et,
996 1656 1059 1716 nisi
1078 1656 1179 1731 fallor,
1201 1657 1379 1735 optimum;
1399 1658 1565 1735 epistolam
1586 1659 1666 1719 bene

463 1754 598 1834 longam,
611 1758 646 1816 in
660 1776 722 1835 qua
735 1756 820 1816 inter
833 1754 894 1815 ulia
907 1754 940 1815 id
953 1755 1050 1815 etlam
1063 1753 1173 1829 soribO,
1186 1755 1260 1817 ὅπως
1274 1781 1322 1815 σοι
1336 1755 1443 1833 ἔχειτὰ
1457 1754 1519 1816 καθ’
1531 1757 1606 1833 ἡμᾶς
1620 1759 1666 1816 καὶ

461 1856 498 1914 τὰ
511 1857 582 1914 κατὰ
594 1856 644 1915 τὸν
659 1856 796 1924 Βασιλέα,
811 1855 857 1913 καὶ
871 1854 939 1916 ὅσος
952 1854 1041 1913 πάλιν
1053 1879 1108 1913 σου
1121 1853 1209 1915 πόθος
1220 1855 1279 1917 τοῖς
1291 1853 1444 1931 ἡμεδαποῖς
1454 1855 1572 1934 ἐγένετο,
1584 1857 1621 1914 vt
1630 1858 1665 1915 tu

434 1979 449 2029 5
462 1956 582 2014 statuas
596 1954 670 2016 ὅπως
682 1953 721 2012 σὺ
735 1953 781 2013 καὶ
794 1952 838 2012 ὅτι
851 1956 927 2032 χρῷο
937 1954 1047 2032 σεαυτῷ
1056 1951 1280 2029 προσμιιδιώσης
1293 1956 1341 2011 νῦν
1354 1954 1449 2031 τύχης.
1471 1953 1543 2012 Non
1555 1952 1666 2013 dubito

461 2050 570 2112 literas
583 2051 621 2111 ad
636 2053 669 2112 te
681 2051 861 2128 peruenisse
873 2054 928 2111 sut
938 2049 1028 2111 breui
1038 2052 1242 2127 peruenturus
1252 2069 1328 2125 esse,
1342 2054 1462 2128 quaest
1475 2050 1530 2110 ille
1540 2050 1665 2112 Coloni-

462 2150 547 2211 ensis
559 2150 667 2210 vultus
680 2150 834 2227 probitate
846 2174 853 2224 ;
868 2149 923 2228 qui
936 2147 1018 2209 mihi
1031 2168 1065 2208 se
1079 2168 1130 2209 eas
1145 2149 1195 2208 vel
1209 2148 1270 2209 tibi
1286 2148 1482 2209 redditurum
1496 2148 1665 2226 spopondit

461 2248 513 2309 vel
534 2248 663 2308 omnino
682 2253 863 2308 curaturum
881 2249 918 2308 vt
936 2247 997 2307 tibi
1016 2245 1124 2307 literae
1145 2246 1338 2307 reddantur:
1360 2248 1474 2325 quippe
1494 2248 1549 2325 qui
1568 2248 1665 2307 etiam

461 2341 572 2419 cupide
586 2341 646 2403 hoc
659 2342 826 2415 affectauit,
843 2344 879 2403 vt
897 2342 937 2401 ad
955 2342 987 2401 te
1005 2340 1114 2401 literas
1130 2361 1149 2400 a
1164 2359 1216 2399 me
1233 2341 1336 2401 ferret
1374 2340 1548 2401 Glareanus
1566 2345 1667 2400 τοῖτον

419 2466 449 2504 ιο
461 2442 623 2517 curio-mci
634 2466 684 2517 μοι
696 2445 813 2519 πρῶτον.
843 2438 942 2515 Cupio
955 2438 1035 2499 scire
1048 2438 1124 2515 quid
1138 2438 1252 2499 habeas
1266 2438 1366 2499 animi
1380 2438 1419 2498 de
1433 2459 1469 2498 eo
1483 2438 1566 2515 quod
1580 2437 1619 2499 ad
1635 2442 1667 2497 te
1684 2504 1687 2508 ,

462 2537 562 2599 acribo
576 2540 652 2614 παρὰ
664 2541 715 2597 τοῦ
729 2537 884 2610 Βασιλέως,
897 2538 928 2596 et
946 2536 1102 2613 quomodo
1115 2535 1260 2613 accepisti
1274 2534 1505 2612 obiurgationes
1523 2553 1618 2610 meas,
1634 2540 1666 2595 et

462 2639 571 2697 vtrum
590 2635 693 2696 literis
710 2634 790 2696 meis
810 2634 951 2712 placatus
966 2633 1011 2695 sis
1027 2654 1069 2695 an
1090 2635 1292 2695 exacerbatus
1310 2633 1436 2711 potius:
1457 2633 1540 2711 quod
1559 2633 1588 2693 si
1606 2638 1663 2705 est,

463 2736 591 2812 expecto
604 2733 802 2811 ἐρωτικώτατα
814 2733 973 2813 γράμματα.

504 2830 624 2891 Verum
644 2830 699 2891 ille
717 2829 914 2891 coloniensis
932 2849 1005 2889 cum
1026 2829 1065 2888 ad
1086 2829 1247 2901 mevenit,
1263 2828 1298 2887 in
1314 2828 1425 2889 villam
1439 2828 1600 2889 abiturum
1615 2848 1666 2888 me

420 2944 449 2997 ¹5
463 2928 601 3006 offendit,
622 2949 679 2989 uec
700 2930 775 2989 ante
793 2927 997 3007 quatriduum
1022 2926 1207 2987 rediturum.
1253 2926 1327 2987 Dixi
1351 2927 1467 2987 habere
1491 2946 1542 2987 me
1565 2946 1665 2987 exem·

462 3027 552 3107 plum
567 3045 666 3087 vnum
681 3025 830 3104 epistolae
844 3026 1037 3103 praelongae,
1058 3025 1142 3103 quod
1161 3025 1201 3085 ad
1223 3028 1253 3085 te
1275 3026 1429 3086 missurus
1450 3044 1535 3085 eram
1556 3026 1665 3086 statim

460 3128 554 3205 atque
567 3125 635 3186 eius
648 3124 828 3203 exemplum
843 3123 1115 3205 transcribendum
1129 3142 1293 3184 curassent
1337 3124 1405 3199 Quo
1416 3124 1524 3183 audito
1537 3123 1593 3182 ille
1606 3124 1665 3183 hoc

461 3242 578 3285 munus
599 3222 737 3301 deposcit
751 3242 803 3282 me
816 3222 999 3299 refragante.
1043 3221 1169 3282 Etcum
1184 3221 1214 3281 ei
1228 3220 1355 3281 tandem
1369 3240 1405 3281 ea
1418 3222 1486 3299 lege
1500 3219 1663 3292 dedissem,

460 3324 497 3383 vt
510 3342 562 3383 me
576 3321 703 3383 absente
718 3320 847 3381 domum
861 3321 991 3381 referret
1009 3321 1042 3381 id
1061 3320 1241 3397 exemplum
1256 3320 1336 3398 quod
1352 3319 1418 3397 ipse
1432 3318 1644 3395 exscripsisset
1659 3341 1666 3391 ;

418 3443 450 3480 το
461 3441 536 3481 oum
549 3420 637 3494 redii,
653 3419 762 3480 inueni
776 3418 863 3478 domi
880 3438 944 3478 non
963 3417 995 3478 id
1010 3416 1093 3496 quod
1111 3417 1178 3495 ipse
1196 3417 1409 3494 exscripserat,
1425 3416 1478 3477 sed
1491 3416 1523 3476 id
1539 3416 1667 3494 quodsi

460 3520 500 3581 ad
514 3522 545 3580 te
559 3517 762 3580 deferendum
775 3516 920 3577 dederam
934 3537 953 3576 a
963 3536 1015 3576 me
1026 3516 1229 3594 recognitum.
1262 3514 1399 3576 Proinde
1409 3515 1438 3575 si
1448 3512 1614 3591 epistolam
1625 3514 1664 3573 ad

461 3616 660 3678 Tonstallum
674 3615 834 3676 aediturus
853 3635 895 3689 es,
909 3614 1030 3675 sustine
1048 3613 1148 3693 quoad
1167 3634 1219 3674 me
1238 3613 1402 3674 certiorem
1420 3612 1538 3687 feceris,
1556 3613 1588 3671 et
1608 3631 1666 3689 ego

461 3714 523 3776 tibi
545 3714 633 3775 aliud
653 3713 834 3791 exemplum
853 3712 980 3773 mittam
1001 3712 1212 3773 emendatum.
1250 3712 1367 3772 Vereor
1387 3712 1474 3771 enim
1494 3729 1535 3769 ne
1555 3709 1610 3770 ille
1631 3711 1666 3769 in

461 3812 668 3874 tumultuaria
686 3809 878 3888 excriptione
895 3812 1039 3888 corrupte
1057 3809 1090 3870 id
1109 3811 1276 3888 scripserit
1321 3808 1370 3869 'Pu
1388 3809 1485 3887 igitur
1502 3807 1597 3868 facies
1614 3827 1666 3867 me

419 3930 448 3981 ²5
461 3910 625 3971 certiorem
636 3929 677 3969 an
691 3929 771 3988 opus
784 3907 827 3969 sit
841 3907 927 3968 aliud
941 3909 981 3969 ad
996 3913 1027 3968 te
1040 3908 1127 3969 mitti
1142 3907 1329 3985 exemplum.
1373 3907 1459 3968 Vale.

502 4007 641 4069 Parisiis
656 4026 714 4068 x11.
731 4006 858 4068 Calend.
874 4006 978 4067 Maias

503 4106 625 4167 Nomen
640 4104 845 4165 eius'iuuenis
858 4104 1100 4183 Agrippinensis
1119 4104 1229 4182 scripsi
1250 4107 1319 4164 tum
1340 4104 1375 4163 in
1395 4102 1528 4181 quadam
1549 4102 1664 4176 charta,

461 4224 558 4285 quarn
568 4202 711 4264 inuenire
721 4222 787 4262 non
798 4201 895 4278 potui,
904 4201 1113 4263 cumhancad
1123 4205 1156 4262 te
1166 4201 1330 4279 epistolam
1344 4200 1471 4278 scripsi:
1486 4202 1666 4277 praeceptor

460 4307 508 4365 est
519 4313 686 4382 puerorum
696 4304 751 4361 sut
764 4299 1064 4361 adolescentulorum
1081 4299 1244 4375 nobilium,
1258 4300 1312 4377 qui
1323 4297 1462 4359 Aureliis
1476 4297 1665 4358 studuerunt

416 4422 448 4472 3⁰
459 4421 530 4463 run.

494 4561 518 4609 5.
535 4547 589 4611 χρᾷ
599 4551 628 4596 p,
698 4560 736 4605 ¹3·
754 4546 866 4606 expecto
876 4545 933 4591 El:
953 4544 1064 4605 expecto
1076 4541 1170 4592 literas
1181 4546 1203 4590 Ε
1214 4547 1300 4603 comp.
1359 4543 1396 4590 18.
1414 4546 1436 4590 Ε
1448 4546 1534 4602 σανίς.
1548 4545 1605 4589 ts:
1623 4555 1663 4589 re-

461 4613 598 4676 fragrante
609 4617 632 4661 s
642 4616 717 4661 Lem.

497 4803 518 4839 r.
535 4788 739 4854 scholasticum]
800 4790 835 4840 M.
883 4751 1036 4837 Delrruelle
1119 4803 1143 4849 3.
1160 4789 1259 4853 scribo]
1274 4790 1321 4852 Ep.
1334 4789 1390 4839 810.
1404 4804 1451 4851 354
1464 4804 1517 4849 seq.

461 4854 629 4904 showsfrom
637 4854 875 4915 Bsescthattuia
886 4870 942 4903 was
953 4854 1036 4903 Adol-
1122 4855 1159 4902 16.
1179 4855 1309 4915 epistolae
1320 4856 1493 4919 praelongae]
1507 4854 1547 4903 Gi.
1561 4855 1578 4903 l.
1591 4868 1620 4901 21
1635 4870 1660 4903 u.

460 4919 675 5035 idturddlichholz
686 4935 693 4980 ;
711 4920 753 4969 ior
764 4920 854 4968 whom
866 4935 910 4969 see
926 4920 975 4983 Ep.
988 4921 1038 4967 866
1087 4920 1221 5046 812134ςὲ
1222 4919 1406 5047 {pastellum}
1419 4921 1467 4983 Ep.
1480 4921 1547 4982 583,
1564 4920 1598 4970 cf.
1612 4921 1661 4983 Ep.
