3867 6034
396 696 437 756 38
745 692 932 757 LETTERS
958 692 1012 755 Ol*
1040 692 1240 755 ERASMUS
1494 691 1593 777 [1517

368 853 427 927 5et
441 850 616 928 Georgisni,
632 868 709 927 quas
726 848 774 910 ais
791 850 823 909 te
840 866 1004 926 nunquam
1022 847 1193 925 accepisse;
1214 849 1342 926 eiusque
1358 846 1404 908 rei
1417 846 1542 925 culpam
1555 848 1591 908 in

363 970 366 975 ’
395 968 451 1009 me
460 946 628 1009 transferre
637 945 762 1009 videris
795 946 827 1007 A
838 965 899 1023 qua
912 948 1019 1006 tamen
1029 944 1080 1007 vel
1092 948 1125 1006 te
1139 945 1248 1021 iudice,
1261 945 1324 1007 nisi
1337 944 1473 1006 nimium
1487 941 1590 1020 fallor,

394 1046 543 1109 facillime
563 1066 614 1107 me
633 1044 779 1106 liberabo.
818 1045 948 1107 Etenim
967 1043 1162 1122 apertissime
1182 1045 1344 1107 ostendam
1367 1044 1449 1105 nibil
1469 1043 1504 1104 in
1524 1042 1596 1106 illis

395 1145 511 1207 litteris
528 1145 567 1207 ad
584 1148 616 1206 te
635 1144 815 1206 fidelissime
833 1142 1026 1221 perferendis
1043 1163 1063 1203 a
1076 1162 1126 1204 me
1140 1144 1259 1205 factum
1272 1163 1340 1206 esse
1353 1145 1437 1221 quod
1450 1147 1593 1205 anostra

395 1246 541 1321 amicitia,
565 1263 660 1323 quam
688 1263 744 1322 ego
770 1242 1001 1321 religiosissime
1021 1240 1090 1303 colo
1111 1261 1294 1321 semperque
1318 1242 1426 1318 colam,
1451 1240 1592 1304 alienum

353 1365 383 1400 ιο
395 1344 497 1406 fuerit.
541 1346 654 1406 Pateor
672 1343 771 1420 igitur
789 1342 861 1403 illas
880 1341 1002 1403 litteras
1021 1341 1101 1402 mibi
1119 1340 1159 1402 ab
1179 1341 1352 1402 Ammonio
1370 1344 1477 1403 nostro
1494 1341 1593 1403 fuisse

394 1442 507 1505 missas
526 1445 619 1520 atque
638 1440 783 1517 redditas,
798 1459 872 1501 cum
891 1439 927 1499 in
946 1438 1057 1499 castris
1073 1437 1226 1499 Eluetiois
1244 1458 1345 1500 essem
1365 1458 1461 1517 prope
1477 1439 1595 1500 Medio·
1611 1443 1628 1478 ⁶

395 1540 511 1602 lanum.
536 1540 608 1602 sed
621 1559 658 1600 eo
670 1540 810 1617 tempore
823 1537 904 1597 mihi
917 1536 1044 1597 fuerunt
1056 1536 1177 1613 allatae,
1191 1556 1252 1614 quo
1266 1555 1330 1597 non
1345 1536 1439 1597 modo
1451 1556 1516 1597 non
1530 1536 1592 1598 tibi

394 1640 464 1699 tuas
483 1637 538 1699 sed
557 1657 614 1698 nec
635 1636 715 1715 Regi
738 1655 808 1696 meo
828 1635 873 1711 (re
894 1634 926 1695 id
947 1636 1084 1696 maxime
1105 1634 1292 1713 postulante)
1312 1634 1511 1696 tabellarium
1535 1635 1592 1696 ali·

394 1755 487 1813 quem
500 1735 625 1797 mittere
638 1733 813 1813 potuerim;
834 1752 909 1793 nam
923 1732 1032 1793 omnia
1044 1732 1159 1793 itinera
1172 1752 1251 1810 quae
1265 1732 1465 1794 Germaniam
1479 1752 1594 1794 versus

351 1859 381 1910 ¹5
392 1834 572 1908 tendebant,
582 1834 622 1896 ab
632 1833 776 1895 hostibus
784 1832 922 1910 undique
931 1834 1079 1909 occupata
1087 1831 1191 1908 fuere;
1212 1832 1307 1910 idque
1320 1832 1591 1894 consultoiactum

362 1951 365 1956 ·
384 1932 463 2007 fuit,
477 1934 514 1992 vt
531 1933 565 1991 et
583 1931 705 1992 litterae
724 1929 850 1991 nodtrae
868 1931 900 1989 et
918 1929 1050 2007 pecunia
1068 1930 1103 1990 in
1121 1929 1315 2007 stipendium
1332 1930 1474 1991 militum
1493 1930 1591 1991 missa

391 2030 635 2108 interciperetur.
679 2030 747 2106 Quo
759 2028 879 2090 iactum
892 2031 940 2089 est
950 2031 986 2089 vt
999 2030 1069 2090 tuae
1081 2028 1164 2107 apud
1178 2048 1229 2090 me
1242 2028 1362 2091 litteras
1374 2027 1594 2108 compluribus

382 2129 503 2192 'diebus
517 2128 653 2191 retinere
671 2148 802 2205 cogerer,
816 2146 857 2188 ne
874 2127 1067 2207 negligentia
1080 2147 1148 2189 mec
1161 2128 1327 2189 manifeste
1340 2128 1484 2206 perirent
1528 2128 1590 2190 Sed

392 2232 427 2290 vt
446 2230 587 2307 primum
604 2228 711 2289 hostes
728 2247 800 2288 cum
813 2227 847 2288 vi
861 2230 932 2288 tum
950 2226 1132 2289 necessitate
1150 2228 1304 2305 compulsi
1322 2228 1376 2289 illa
1393 2228 1588 2306 reliquerunt

306 2339 309 2343 ’
348 2327 465 2402 aoloca,
486 2326 606 2388 litteras
625 2326 822 2403 perferendas
841 2325 880 2385 ad
902 2328 933 2385 te
953 2325 1026 2386 dedi
1046 2325 1170 2386 cuidam
1186 2325 1233 2401 (vt
1253 2326 1427 2403 videbatur]
1439 2346 1590 2405 perquam

391 2423 523 2485 honesto
543 2424 611 2485 viro
631 2428 713 2485 recta
732 2422 887 2483 Baeileam
907 2422 1091 2499 profecturo,
1113 2425 1146 2483 et
1166 2424 1218 2482 cui
1237 2423 1322 2484 fama
1341 2427 1377 2485 tu
1395 2423 1489 2501 (quod
1509 2424 1593 2485 mibi

390 2525 571 2600 pergratum
594 2522 667 2601 fuit)
689 2522 778 2583 fuisti
805 2521 997 2583 notissimus.
1040 2522 1113 2583 Vno
1135 2542 1208 2583 vero
1235 2525 1308 2599 post
1331 2541 1440 2584 mense
1459 2524 1591 2601 perueni

390 2620 586 2695 Tridentum,
598 2620 652 2681 vbi
663 2619 805 2681 intellexi
817 2622 848 2678 te
861 2638 899 2678 ex
912 2618 1035 2680 Basilea
1048 2620 1227 2698 nescioquo
1240 2620 1435 2683 discessisse:
1456 2622 1489 2683 id
1502 2622 1589 2699 quod

391 2716 520 2779 fortasse
541 2719 655 2778 feceras
676 2721 749 2777 ante
770 2715 943 2778 aduentum
964 2716 1054 2778 illius
1080 2718 1131 2778 cui
1152 2721 1222 2779 tues
1244 2719 1282 2779 ad
1308 2720 1339 2777 te
1361 2719 1434 2780 dedi
1454 2720 1588 2782 litteras·

347 2840 377 2893 ²5
391 2815 502 2893 Itaque
526 2815 601 2875 binc
624 2814 751 2875 coniitio
774 2814 915 2874 euenisse
930 2817 966 2875 vt
987 2813 1109 2877 litterae
1133 2816 1207 2879 illa
1224 2817 1382 2894 perierint,
1404 2821 1437 2878 et
1459 2817 1590 2880 fortasse

391 2913 522 2975 nuntius
535 2933 682 2975 unacum
700 2912 822 2973 litteris.
866 2912 948 2973 Nam
961 2916 997 2974 vt
1010 2914 1183 2991 periculum
1200 2915 1241 2977 ab
1255 2915 1398 2978 hostibus
1416 2916 1595 2980 imminens

390 3014 518 3086 taceam,
533 3012 691 3072 latronum
706 3011 798 3087 plena
811 3014 900 3071 erant
913 3012 1029 3071 omnia.

430 3109 499 3169 Hac
520 3109 558 3169 de
579 3128 612 3168 re
632 3108 737 3186 sepius
754 3106 814 3166 tibi
832 3107 1004 3184 scripturus
1023 3128 1124 3169 eram:
1145 3110 1199 3170 sed
1217 3109 1256 3171 ab
1273 3110 1329 3171 illo
1348 3114 1489 3190 tempore
1507 3133 1588 3175 nun·

390 3226 485 3286 quam
505 3206 560 3267 vbi
583 3206 723 3266 locorum
746 3224 829 3265 esses
851 3205 958 3265 audire
980 3206 1071 3283 potui
1098 3209 1170 3267 ante
1193 3208 1342 3270 instantis
1363 3213 1482 3273 mensis
1503 3212 1588 3273 diem

346 3330 378 3380 30
390 3305 547 3366 decimum
557 3304 713 3382 quintum,
726 3322 787 3380 quo
797 3301 918 3362 litteras
931 3323 950 3363 a
963 3304 1052 3364 Moro
1066 3307 1172 3364 nostro
1186 3323 1250 3366 non
1261 3310 1326 3367 tam
1337 3306 1492 3370 Britanno
1501 3329 1588 3371 nunc

389 3424 483 3482 quam
506 3403 663 3480 Vtopiano
687 3402 809 3479 accepi;
840 3401 954 3478 quibus
979 3401 1120 3462 intellexi
1147 3403 1207 3463 tibi
1230 3405 1311 3481 apud
1336 3406 1589 3469 illustrissimum

389 3503 571 3580 Principem
586 3504 685 3577 tuum,
700 3500 818 3579 Regem
832 3500 1035 3575 Catholicum,
1052 3501 1168 3579 optime
1187 3521 1253 3564 esse
1272 3507 1304 3565 et
1322 3504 1499 3569 honorifice.
1544 3507 1591 3569 Es

389 3604 484 3679 enim,
495 3606 532 3664 vt
540 3600 642 3675 audio,
654 3600 760 3677 amplo
769 3602 880 3660 auctus
893 3599 1061 3660 sacerdotio
1075 3603 1107 3661 et
1120 3601 1154 3661 in
1168 3602 1416 3664 consiliariorum
1429 3607 1589 3685 regiorum

389 3701 531 3762 ordinem
552 3699 678 3761 ascitus.
721 3697 769 3759 De
781 3717 842 3775 quo
855 3701 891 3759 vt
904 3697 1110 3760 vehementer
1128 3699 1255 3777 gaudeo,
1277 3702 1321 3762 ita
1340 3722 1435 3781 supra
1455 3705 1587 3766 modum

345 3821 376 3873 ³5
389 3798 478 3859 doleo
501 3800 533 3858 te
555 3796 756 3857 Britanniam
783 3799 923 3857 nostram
950 3795 1124 3875 reliquisse,
1149 3819 1205 3859 nec
1229 3799 1295 3860 vlla
1318 3801 1383 3862 illic
1406 3803 1589 3866 conditione

389 3894 515 3956 retineri
535 3894 691 3969 potuisse:
712 3894 846 3970 tametsi,
865 3896 901 3955 vt
919 3896 1025 3955 Morus
1043 3895 1124 3957 mihi
1142 3896 1272 3975 scripsit,
1292 3918 1311 3958 a
1330 3900 1589 3963 reuerendissimo

388 3990 516 4051 domino
538 3989 698 4050 cardinali
719 3992 907 4053 Eboracensi
929 3992 1094 4071 magnifica
1122 3997 1203 4055 esset
1226 3994 1285 4056 tibi
1309 3994 1413 4058 oblata
1436 3999 1583 4061 conditio.

389 4088 451 4150 Sed
471 4086 648 4163 vbieunque
668 4090 820 4149 terrarum
841 4090 912 4164 eris,
935 4089 1039 4151 Deum
1067 4090 1277 4153 immortalem
1298 4113 1405 4171 precor
1423 4099 1458 4157 vt
1479 4098 1589 4158 omnia

387 4184 531 4262 secunda
548 4183 650 4245 fausta
663 4188 695 4243 et
708 4184 808 4246 felitia
820 4186 880 4246 tibi
894 4188 1051 4248 eueniant.

419 4370 444 4418 5.
461 4356 691 4417 &Geor-gernic.
756 4357 964 4419 &accipiam
1031 4358 1357 4421 eiusquetlwiusdemn
1425 4377 1447 4422 7.
1465 4365 1590 4427 &apar-

388 4422 522 4472 tiuimeo.
602 4436 639 4485 ¹8·
657 4424 693 4477 βε
711 4421 900 4472 tabilariumc.
988 4439 1026 4484 17.
1044 4424 1081 4478 B:
1097 4426 1163 4486 aput
1174 4440 1199 4474 n.
1286 4440 1324 4487 19.
1342 4427 1377 4481 B:
1394 4429 1588 4480 necescitatec.

387 4488 428 4536 28.
446 4490 482 4540 fl:
496 4489 663 4551 sciptum.
729 4503 769 4550 39
787 4488 823 4542 B:
838 4488 996 4538 eueniontc.

421 4663 459 4699 rr.
478 4650 674 4714 Mediolanum]
686 4651 753 4701 Pace
764 4666 819 4700 was
829 4651 899 4700 with
911 4651 959 4701 the
1012 4663 1083 4713 1931.

386 4714 469 4764 Swiss
491 4717 580 4765 before
602 4716 695 4779 Milan,
719 4732 752 4777 24
780 4717 873 4766 March
888 4732 958 4780 -p.
1074 4715 1238 4782 diwesnm]
1265 4735 1286 4768 c.
1308 4734 1338 4768 12
1364 4720 1427 4783 May
1451 4726 1530 4784 1516;
1548 4725 1581 4775 of.

388 4793 418 4842 15
430 4780 509 4843 April
522 4782 657 4843 15165see
668 4782 777 4830 Brewer
787 4784 816 4845 ii,
829 4797 875 4845 pp.
886 4783 960 4831 lxix-
1010 4782 1058 4844 Ep.
1071 4797 1128 4843 4ο7.
1587 4800 1588 4803 ’

386 4846 469 4895 lxxvi.
1042 4861 1083 4909 33.
1101 4848 1260 4912 sacerdotio]
1272 4850 1312 4899 Os.
1326 4850 1375 4914 iip.
1387 4854 1444 4913 ⁴3⁶·
1457 4867 1509 4914 sn.

419 4925 460 4972 23.
476 4909 650 4975 Tridentum]
668 4912 735 4960 Pace
754 4927 809 4961 was
830 4914 861 4961 in
877 4913 961 4962 'ib-ent
1075 4914 1303 4979 consiliariorum]
1315 4915 1555 4979 cf.1tp.370.1sn.

389 4992 469 5039 rer-23
487 4976 550 5037 llay
567 4979 648 5038 15163
670 4992 712 5026 see
724 4977 833 5027 Brewer
844 4980 872 5028 ii.
887 4980 959 5040 1877,
1041 4994 1081 5041 37.
1100 4979 1231 5044 conditio]
1243 4981 1283 5031 cf.
1296 4982 1363 5045 Epp.
1377 4997 1425 5044 577
1437 4984 1491 5033 and
1502 4987 1561 5047 ⁶⁹4·
