3867 6034
382 696 443 757 282
730 694 921 756 LETTERS
946 694 1000 755 OF
1027 692 1228 755 ERASMUS
1487 686 1582 772 [1518

382 851 486 965 {tielhop
497 849 548 927 leit
558 845 733 978 §lischlim
744 863 779 897 on
793 862 822 910 17
834 847 921 911 April,
934 848 1036 897 within
1048 863 1064 897 a
1075 848 1150 897 week
1160 848 1201 912 (li.
1217 855 1276 906 2·4)
1294 847 1324 896 ot
1339 848 1476 897 Erasmus·
1488 850 1582 896 return

397 931 413 964 o
447 930 555 964 ouvarn.

463 1053 617 1101 ERASMVS
639 1053 715 1104 BO'I'.
738 1052 897 1102 emaum
919 1052 1131 1115 NOVIOMAGO,
1152 1051 1444 1100 Ruvuuuhnffisffl
1467 1051 1501 1099 D.

650 1172 654 1178 ·
720 1156 963 1206 uuumruusrs
985 1158 1008 1203 A
1031 1156 1157 1218 SAGBIS,
1180 1156 1206 1203 S.
1223 1156 1256 1205 D.

425 1280 599 1339 Arnooavu
618 1276 847 1353 candidissime,
863 1276 1005 1353 aurigam
1027 1276 1111 1336 nacti
1132 1295 1244 1336 sumus
1268 1295 1333 1336 non
1356 1275 1463 1335 minus
1482 1278 1584 1335 temu-

385 1377 509 1437 lentum
538 1395 633 1453 quam
653 1378 719 1435 erat
739 1394 829 1435 meus
848 1374 996 1435 famulus.
1049 1373 1159 1452 Itaque
1182 1374 1359 1434 Louanium
1379 1373 1584 1450 peruenimus

384 1471 547 1552 aliquanto
561 1477 635 1534 ante
649 1492 767 1534 nonam
781 1473 901 1547 horam,
916 1492 982 1532 non
995 1473 1064 1533 sine
1078 1472 1216 1551 periculo
1231 1491 1239 1546 ;
1261 1491 1336 1532 nam
1355 1471 1382 1531 is
1403 1490 1512 1532 currus
1530 1473 1586 1547 qui

385 1590 443 1632 nos
456 1570 594 1632 anteibat
607 1570 778 1631 subuersus
791 1574 848 1630 est.

358 1683 372 1734 5
425 1669 637 1730 Vehementer
662 1668 768 1730 arrisit
795 1668 851 1729 illa
878 1668 1041 1728 literarum
1070 1671 1197 1728 tuarum
1225 1688 1306 1745 pars,
1336 1686 1399 1743 qua
1426 1666 1586 1744 significas

385 1767 682 1829 reuerendissimum
702 1765 743 1826 ii
765 1766 802 1825 N.
820 1764 971 1826 Iacobum
991 1765 1030 1824 de
1049 1765 1170 1837 Ouikar,
1191 1766 1310 1825 ordinis
1329 1762 1585 1825 Praedicatorum

384 1866 479 1927 isthic
500 1865 733 1943 prouincialem,
757 1864 859 1925 nostri
878 1864 1058 1924 studiosum
1077 1882 1154 1923 esse.
1206 1863 1290 1922 Nam
1314 1882 1372 1939 ego
1396 1862 1585 1939 palmarium

385 1966 464 2042 puto
483 1963 637 2041 placuisse
657 1961 725 2022 viro
741 1965 830 2023 tanto
850 1964 1058 2040 quantumin
1077 1961 1260 2022 nobiseum
1286 1960 1444 2032 describis,
1467 1962 1499 2020 et
1520 1961 1588 2038 ipse

386 2060 475 2121 facile
496 2060 587 2121 credo
608 2061 744 2137 optimae
763 2059 838 2120 fidei
859 2060 970 2120 autori.
1014 2060 1177 2121 Caeterum
1203 2060 1254 2122 vix
1275 2059 1419 2119 animum
1441 2078 1521 2135 queo
1541 2059 1587 2118 in·

345 2175 375 2211 10
386 2160 499 2221 ducere
528 2162 563 2219 vt
592 2157 647 2218 ille
668 2178 734 2218 sese
757 2158 796 2219 ad
817 2161 942 2219 nostras
963 2178 1064 2236 nugas
1084 2157 1230 2235 legendae
1258 2157 1414 2218 demittat.
1467 2155 1587 2217 Locum

386 2256 516 2335 inspexi,
539 2259 633 2337 atqde
662 2256 791 2316 omnino
816 2276 865 2317 res
893 2256 937 2317 sic
969 2256 1064 2317 habet
1092 2259 1129 2316 vt
1156 2255 1211 2316 ille
1240 2258 1355 2316 narrat.
1410 2255 1588 2316 candorem

387 2354 528 2416 hominis
541 2354 705 2414 exosculor
719 2355 773 2431 qui
787 2353 957 2431 reppererit
973 2374 1035 2431 quo
1050 2354 1137 2414 locus
1152 2353 1205 2413 ille
1219 2352 1345 2413 defendi
1359 2356 1473 2431 posset,
1489 2353 1519 2414 si
1532 2373 1588 2430 pro

387 2457 415 2514 ct
433 2451 587 2512 scribatur
601 2458 673 2514 aut:
697 2452 770 2512 ‘sed
786 2450 936 2513 aduersus
950 2451 1140 2529 alienigenas
1154 2457 1209 2511 aut
1223 2451 1360 2528 impios.’
1401 2451 1588 2528 Quanquam
1613 2442 1614 2445 ¹

389 2548 474 2609 idem
494 2569 605 2609 sensus
626 2549 816 2610 consistebat
844 2551 992 2609 manente
1016 2549 1236 2609 coniunctione
1260 2554 1305 2623 εἰς
1336 2548 1493 2626 siquidem
1515 2568 1588 2609 oum

346 2666 375 2718 ¹5
389 2646 524 2708 dicimus
545 2647 624 2707 ‘Hic
642 2666 707 2706 non
725 2646 819 2707 habet
837 2646 990 2707 honorem
1009 2646 1072 2707 nisi
1086 2645 1188 2707 doctis
1199 2666 1234 2707 ac
1249 2646 1357 2724 probis
1369 2649 1386 2720 ³,
1403 2646 1486 2706 nihil
1499 2649 1588 2707 vetat

389 2764 451 2822 quo
475 2744 581 2805 minus
606 2744 724 2804 diuersi
748 2744 814 2805 sint
838 2743 922 2804 docti
943 2764 979 2804 ac
1002 2744 1100 2822 probi
1155 2746 1273 2805 Verum
1300 2745 1355 2805 ille
1379 2747 1462 2804 recte
1485 2745 1588 2805 voluit

388 2842 495 2903 addita
508 2843 577 2902 luce
590 2842 756 2919 caliginem
769 2841 1017 2919 amphibologiae
1032 2843 1158 2903 discuti.

430 2939 634 3000 Memineram
649 2938 798 2999 historiae
817 2940 855 2999 de
876 2939 960 3000 tribu
980 2938 1194 3001 Beniamitide
1215 2959 1294 3016 pene
1315 2960 1414 3018 vsque
1434 2940 1473 3001 ad
1495 2940 1588 3000 inter·

388 3037 547 3098 nicionem
567 3037 713 3098 extincta
758 3036 818 3097 Sed
845 3037 985 3115 primum
1013 3037 1185 3099 arbitrabar
1212 3037 1390 3116 generalem
1414 3038 1588 3099 orationem

345 3160 377 3195 πο
388 3138 538 3209 constare,
551 3134 674 3196 etiamsi
684 3155 783 3195 vnum
798 3138 852 3196 aut
866 3135 1001 3196 alterum
1015 3137 1171 3197 eximatur
1184 3158 1191 3211 ;
1212 3137 1304 3197 sicuti
1314 3156 1379 3196 non
1390 3135 1461 3196 ideo
1472 3136 1588 3197 falsum

389 3234 470 3295 dixit
491 3234 612 3295 Paulus
634 3234 769 3295 ‘Omnes
792 3234 828 3294 in
848 3234 953 3296 Adam
975 3237 1203 3312 peccauerunt,’
1223 3235 1251 3295 si
1272 3234 1434 3295 credamus
1454 3234 1588 3295 Mariam

388 3328 421 3393 et
450 3331 611 3395 Christum
650 3351 669 3392 a
697 3335 825 3409 peccato
853 3332 950 3394 fuisse
979 3333 1156 3393 immunes:
1187 3352 1370 3410 quanquam
1398 3332 1498 3393 fateor
1525 3352 1590 3393 non

421 3494 470 3529 rrr.
498 3483 543 3528 N:
572 3493 709 3529 rovinaco
737 3483 766 3530 Ε.
891 3494 1114 3530 mmmnmrur
1140 3494 1166 3529 n.
1194 3493 1376 3528 raamorxnsrs
1402 3481 1444 3525 E:
1472 3491 1592 3527 nrmoorr

390 3558 623 3595 vnmmmcrnu
645 3548 677 3595 Η.
809 3547 834 3596 6.
852 3544 888 3594 li.
905 3546 938 3594 N.
956 3562 1001 3594 om.
1019 3549 1054 3595 H.
1186 3546 1219 3594 de
1236 3546 1334 3594 Calkar
1344 3548 1383 3592 E:
1401 3543 1544 3593 Calkarem
1560 3549 1588 3594 F.

390 3611 609 3661 Praedicatorum
622 3614 659 3660 li:
679 3610 852 3660 Dominicani
864 3616 897 3659 H.
995 3626 1035 3659 ca.
1053 3615 1094 3660 H:
1113 3613 1236 3659 immune
1249 3615 1285 3658 E:
1302 3612 1453 3659 immunem
1466 3613 1493 3657 F.

422 3761 447 3807 3.
466 3759 568 3794 nonam
585 3743 694 3808 horam]
712 3744 742 3792 in
757 3744 805 3793 the
821 3746 966 3808 morning;
1015 3747 1122 3792 &tauto
1160 3747 1327 3803 Domintcnnc,
1368 3756 1438 3803 1717,
1476 3757 1502 3804 p.
1541 3757 1590 3802 aa;

390 3810 424 3861 ci.
438 3811 487 3874 Ep.
500 3812 557 3860 em.
569 3826 594 3871 9.
1017 3824 1069 3858 van
1087 3809 1221 3870 Hannon,
1234 3813 1341 3858 Batcuic
1357 3824 1435 3869 sacro,
1456 3821 1526 3869 1714,
1544 3824 1589 3871 pp.

423 3878 449 3925 6.
466 3876 501 3924 de
512 3874 697 3939 Galkar]‘Fr.
710 3875 825 3924 Iacobus
840 3872 964 3937 Rydder’
1016 3888 1106 3937 233‚4;
1133 3876 1188 3923 and
1206 3877 1271 3924 Ant.
1291 3874 1449 3929 Matthaeus,
1470 3876 1517 3921 Vct.
1535 3879 1590 3922 aeui

390 3944 423 4056 gs
442 3944 515 4003 1523)
538 3943 567 3990 oi
584 3942 632 3990 the
653 3940 815 3990 Dominioan
834 3942 918 3989 house
937 3943 966 3989 at
1015 3944 1130 4002 cncede,
1146 3941 1217 4003 1738,
1231 3943 1248 4000 i,
1264 3954 1289 4001 p.
1310 3940 1364 3988 186.
1399 3938 1591 3988 Goldenhauer

411 4008 493 4066 sicar,
514 4021 550 4056 ει
568 4007 598 4055 ot
611 4007 713 4065 clevos,
730 4004 920 4055 matriculated
937 4010 965 4055 at
1015 4006 1071 4055 had
1087 4006 1229 4069 evidently
1241 4008 1298 4054 met
1314 4005 1373 4054 him
1391 4007 1418 4054 at
1429 4004 1547 4054 Utrecht
1560 4011 1589 4054 at

391 4072 506 4122 Roatock
524 4086 557 4133 3⁰
571 4075 638 4134 Aug.
661 4073 731 4133 1496,
743 4070 799 4121 and
813 4086 868 4120 was
886 4071 966 4120 made
1014 4072 1063 4120 the
1074 4072 1142 4120 time
1154 4072 1240 4121 ottho
1251 4071 1429 4120 ordinatione.

391 4138 528 4188 llaateroi
532 4137 667 4199 Theology
678 4137 864 4198 ;havingthat
870 4136 965 4199 degree
1049 4152 1073 4198 7.
1091 4136 1267 4200 palmarium]
1280 4136 1319 4186 Oi.
1331 4135 1390 4186 Ter.
1402 4140 1465 4185 iiten.
1479 4150 1538 4197 930.

391 4203 501 4266 already
519 4204 590 4253 from
604 4203 708 4252 Treves.
743 4202 822 4252 After
838 4202 966 4265 teaohing
1051 4218 1089 4252 ro.
1107 4202 1219 4268 Iocum]
1238 4203 1273 4251 In
1291 4206 1373 4262 Adeo.
1393 4216 1465 4262 3001,
1488 4202 1591 4250 ‘Dulce

390 4274 419 4321 at
430 4270 546 4319 Rostock
557 4270 592 4319 he
600 4270 708 4318 became
717 4269 833 4317 Prioroi
840 4268 965 4331 Utrecht,
1016 4268 1119 4317 bellum
1142 4268 1306 4330 inexpertis,'
1330 4267 1468 4329 amplifled
1491 4268 1522 4316 in
1543 4268 1591 4317 the

390 4336 445 4385 and
457 4337 487 4385 in
503 4348 566 4397 1515
582 4350 637 4383 was
652 4334 756 4383 elected
772 4332 925 4383 Provinclal
940 4334 970 4382 of
1016 4334 1120 4383 edition
1132 4335 1162 4381 oi
1172 4347 1235 4395 1515
1246 4335 1316 4382 irom
1328 4349 1343 4383 a
1354 4333 1407 4382 few
1416 4334 1487 4382 lines
1497 4336 1526 4382 to
1537 4334 1591 4382 six-

391 4401 527 4452 hisorder
542 4403 584 4450 ior
600 4401 693 4450 lower
707 4400 854 4462 Germany.
888 4398 966 4449 Fred.
1016 4399 1253 4462 taenioliopages,
1266 4400 1393 4448 Erasmus
1408 4399 1462 4448 had
1478 4400 1590 4448 written

392 4468 422 4518 oi
439 4468 542 4528 Baden,
562 4467 606 4529 hp.
627 4467 657 4515 oi
671 4465 787 4516 Utreoht
811 4467 966 4528 1496-1516,
1017 4465 1147 4516 ‘Iudaeos
1166 4479 1307 4527 nunquam
1325 4464 1439 4514 bellasse
1459 4464 1534 4514 inter
1552 4480 1589 4525 se,

463 4534 469 4545 ¹
575 4534 581 4547 '
651 4533 657 4544 ⁸
863 4533 869 4544 ⁹
1290 4534 1296 4543 '
1338 4531 1344 4542 '
1480 4531 1486 4541 ⁸
1538 4531 1545 4543 ²
1583 4532 1590 4558 t

391 4532 967 4662 :cerretum
1017 4531 1590 4659 {cerritucarausius.

392 4665 515 4728 capacity
539 4667 576 4715 he
600 4663 696 4727 passed
719 4662 885 4712 Proderiok'r
909 4677 967 4711 auc-
1020 4675 1082 4724 1523
1099 4664 1153 4711 and
1168 4662 1294 4711 onwards
1308 4663 1343 4711 he
1357 4662 1460 4710 carried
1476 4665 1523 4710 out
1544 4662 1592 4710 the

392 4744 488 4794 canor,
513 4730 606 4793 Philip
627 4731 657 4779 oi
681 4729 833 4792 Burgundy
854 4731 893 4792 (p.
914 4729 967 4791 14),
1017 4730 1133 4792 promise
1155 4728 1235 4778 made
1261 4729 1291 4776 in
1314 4728 1332 4778 l.
1356 4742 1395 4787 34,
1421 4729 1457 4789 by
1475 4729 1593 4791 altering

392 4795 511 4859 through
528 4797 565 4845 all
582 4797 630 4845 the
649 4798 735 4858 stages
755 4796 785 4843 oi
800 4794 966 4856 ordination,
1016 4810 1141 4854 nunquam
1153 4797 1182 4843 to
1192 4799 1361 4854 vicoaqacm3
1380 4792 1430 4840 but
1444 4792 1558 4842 allowed
1572 4801 1592 4841 et

391 4860 541 4923 admitting
553 4862 612 4910 him
620 4864 649 4910 to
657 4862 748 4910 minor
756 4860 850 4910 orders
859 4874 894 4908 ao
904 4860 966 4908 Feb.
1017 4863 1046 4909 to
1057 4860 1146 4909 stand.

395 4928 466 4990 1518,
479 4927 534 4977 and
549 4926 646 4989 finally
663 4928 849 4989 consecrating
862 4926 920 4975 blm
938 4940 968 4974 as
1053 4926 1090 4974 ιθ.
1109 4923 1303 4987 Beniamitide]
1315 4924 1394 4986 Judg.
1411 4939 1447 4985 19,
1462 4939 1501 4973 no.

394 4993 555 5054 bpasslieb.
591 4991 847 5053 SeeBdeJonghe,
860 4996 969 5041 Μαῖα
1051 5004 1090 5039 21.
1111 4991 1223 5054 Paulus]
1235 4991 1310 5039 Rom.
1324 5002 1347 5050 5.
1363 5003 1400 5038 12.
