3867 6034
463 704 523 765 188
811 703 1002 765 LETTERS
1031 703 1084 765 OF
1110 703 1310 767 ERASMUS
1563 702 1662 788 [1518

461 853 607 929 quaestor
618 850 765 927 aerarius,
780 852 876 911 homo
892 870 963 911 mea
983 851 1140 912 sententia
1156 852 1262 929 grauis
1279 852 1369 913 iuxta
1386 854 1479 931 atque
1492 853 1662 927 humanus,

462 949 553 1009 cuius
567 949 837 1010 commendatione
850 948 1026 1026 praebenda
1038 948 1250 1010 curtriacensis
1258 950 1293 1010 in
1304 953 1334 1011 te
1345 950 1488 1011 deriuata
1500 954 1556 1010 est
1586 949 1664 1011 Ocn-

434 1047 568 1123 5firmat
592 1047 674 1107 hanc
698 1067 801 1108 meam
826 1048 1007 1125 opinionem
1030 1046 1117 1108 Petri
1141 1046 1277 1108 Barbirii
1294 1048 1457 1122 iudicium,
1481 1048 1536 1126 qui
1558 1067 1664 1108 rerum

461 1164 590 1206 suarum
603 1147 854 1224 procurationem
874 1165 939 1205 non
959 1148 1076 1206 temere
1097 1144 1156 1204 tibi
1177 1146 1347 1221 mandauit,
1363 1146 1459 1206 homo
1473 1165 1530 1206 nec
1545 1145 1665 1206 stultus

463 1262 520 1304 nec
536 1242 714 1322 indiligens.
758 1244 830 1304 Non
854 1262 932 1321 opus
954 1246 1003 1305 est
1023 1246 1131 1304 autem
1153 1243 1263 1304 multis
1286 1243 1483 1305 cautionibus
1506 1244 1665 1304 intereos

461 1341 544 1419 apud
559 1362 637 1419 quos
651 1342 735 1403 valet
748 1345 840 1403 vetus
860 1342 917 1402 illa
936 1341 1081 1417 formula,
1097 1340 1188 1402 Inter
1207 1342 1306 1403 bonos
1327 1342 1405 1402 bene
1425 1341 1509 1420 agier
1529 1344 1661 1419 oportet

462 1438 630 1501 Caeterum
643 1441 726 1519 quod
745 1440 861 1501 attinet
878 1441 918 1502 ad
938 1440 1145 1501 sacerdotium
1158 1439 1258 1500 situm
1275 1440 1308 1499 in
1328 1439 1444 1501 diocesi
1458 1439 1662 1513 Traiectensi,

420 1564 450 1599 ιο
462 1557 513 1597 me
527 1537 616 1599 nulla
629 1538 663 1598 in
677 1558 711 1598 re
724 1539 883 1600 difficilem
896 1538 1033 1614 senties;
1054 1539 1107 1599 sed
1129 1538 1206 1617 quid
1219 1538 1286 1615 ipse
1301 1558 1374 1599 cum
1388 1538 1531 1599 Barbirio
1545 1537 1665 1615 egerim

461 1634 537 1711 scio,
557 1636 632 1714 quid
653 1641 690 1697 tu
710 1656 782 1697 cum
803 1638 859 1697 illo
880 1637 1066 1715 transegeris
1085 1637 1199 1698 nescio.
1244 1636 1312 1712 Quo
1332 1637 1441 1696 minus
1460 1635 1559 1696 habeo
1580 1634 1665 1712 quod

461 1753 556 1813 anper
575 1736 633 1796 hac
653 1757 686 1796 re
706 1740 828 1797 certum
848 1735 1060 1813 respondeam,
1083 1736 1146 1796 nisi
1167 1735 1250 1812 quod
1272 1754 1344 1794 cum
1364 1754 1490 1795 summa
1503 1732 1667 1811 pensionis

464 1832 507 1894 sit
521 1832 674 1908 estimata,
691 1838 722 1894 et
742 1835 839 1895 huius
858 1834 958 1912 portio
979 1835 1130 1912 quaedam
1145 1832 1297 1894 duntaxat
1317 1833 1382 1893 sint
1402 1831 1581 1905 sacerdotia,
1599 1850 1665 1891 non

462 1930 590 1992 videtur
602 1951 745 2009 aequum,
761 1932 789 1992 si
810 1931 886 2009 quid
907 1931 1052 1992 alicunde
1071 1950 1213 1991 arrosum
1233 1929 1330 1990 fuerit
1343 1949 1381 1989 ex
1395 1930 1466 2005 illis,
1482 1928 1515 1989 id
1532 1927 1570 1988 de
1591 1946 1665 2005 pon·

420 2054 450 2106 15
463 2028 562 2090 sionis
575 2029 673 2090 semel
686 2029 866 2090 aestimatae
880 2049 1007 2090 summa
1020 2028 1188 2089 detrahere.

504 2126 801 2188 Reuerendissimus
821 2125 953 2187 Praesul
973 2125 1181 2186 Traiectensis
1194 2125 1319 2186 videtur
1333 2146 1398 2186 non
1410 2122 1584 2201 vulgariter
1596 2141 1663 2200 pro-

464 2243 562 2302 penso
576 2224 612 2283 in
625 2244 684 2285 nos
702 2244 768 2285 esse
782 2225 896 2299 animo,
913 2226 996 2303 quod
1018 2227 1084 2285 iam
1096 2224 1170 2285 vnis
1185 2227 1279 2301 atque
1295 2224 1404 2285 alteris
1421 2225 1460 2285 ad
1477 2243 1529 2282 me
1550 2220 1665 2282 litteris

463 2324 596 2383 testatus
620 2326 675 2384 est.
728 2323 847 2383 Verum
878 2342 936 2383 nec
966 2322 1020 2382 isti
1053 2322 1189 2383 libenter
1219 2323 1365 2399 aperiunt
1395 2341 1464 2382 eam
1493 2321 1664 2380 fenestram

464 2419 591 2481 caeteris
600 2420 739 2482 similem
746 2421 880 2497 gratiam
890 2422 1150 2498 flagitaturis,neo
1159 2419 1241 2481 mihi
1251 2421 1354 2481 visum
1366 2423 1413 2479 est
1422 2418 1502 2479 tanti
1513 2416 1666 2494 principis

421 2538 452 2573 20
462 2516 603 2577 fauorem
633 2518 668 2579 in
698 2539 731 2579 re
762 2519 897 2579 leuicula
920 2538 1112 2581 consumere.
1157 2519 1205 2579 Tu
1227 2520 1357 2597 proinde
1381 2516 1462 2578 bona
1483 2517 1566 2593 agito
1592 2514 1663 2575 fide.

467 2614 620 2693 Quicquid
641 2617 822 2694 approbarit
842 2618 1014 2693 Barbirius,
1036 2619 1118 2679 mihi
1139 2617 1410 2696 comprobabitur:
1434 2615 1523 2675 cuius
1543 2613 1666 2674 litteras

464 2730 558 2789 super
581 2713 641 2773 hoo
666 2733 789 2792 quoque
815 2716 943 2792 negocio
977 2718 1114 2793 expecto.
1158 2716 1193 2777 Is
1224 2736 1262 2776 ex
1293 2715 1404 2775 itinere
1428 2712 1517 2772 misit
1544 2710 1586 2771 ad
1615 2730 1665 2770 me

464 2810 632 2887 pecuniam
646 2830 684 2871 ex
697 2812 846 2888 pensione
867 2816 1041 2891 receptam:
1063 2834 1125 2892 qua
1145 2812 1180 2872 in
1201 2834 1235 2873 re
1255 2818 1287 2874 et
1307 2812 1394 2872 illius
1414 2808 1613 2887 diligentiam
1634 2809 1665 2867 et

464 2913 554 2968 tuam
567 2907 661 2968 fidem
674 2928 755 2970 amo.
799 2910 835 2970 Si
852 2910 928 2989 quid
947 2913 1009 2971 erit
1025 2911 1060 2972 in
1079 2932 1142 2990 quo
1162 2912 1222 2973 tibi
1243 2931 1355 2991 queam
1371 2929 1439 2971 esse
1452 2909 1532 2985 vsui,
1548 2907 1666 2968 senties

419 3025 450 3076 τε
463 3004 545 3066 mihi
558 3025 614 3066 nec
628 3007 823 3068 voluntatem
837 3028 895 3070 nec
908 3009 1051 3070 studium
1064 3009 1210 3070 defuisse.
1253 3010 1340 3070 Bene
1354 3009 1431 3069 vale.

504 3103 641 3164 Louanii
654 3105 756 3182 pridie
769 3107 954 3184 epiphaniae
969 3109 1073 3169 Anno.
1090 3128 1247 3169 u.n.xvr11
1261 3129 1280 3168 a
1294 3107 1400 3169 natali.

1204 3206 1355 3267 Erasmus
1367 3225 1405 3265 ex
1418 3204 1525 3265 animo
1539 3206 1623 3262 tuus

802 3404 876 3468 ⁷52.
920 3402 971 3467 To
993 3402 1108 3468 Prrnn
1130 3403 1331 3467 Basmmus

499 3536 644 3593 Deventer
656 3535 715 3594 MS.
727 3554 771 3607 91,
784 3539 804 3595 f.
817 3554 852 3606 74
863 3545 903 3594 νο.
1440 3533 1573 3590 Louvain.

501 3624 557 3679 LB.
570 3626 645 3696 App.
658 3639 719 3696 257.
1381 3624 1536 3692 oJanuary
1553 3622 1628 3692 1518.

510 3747 653 3811 [Between
665 3747 712 3797 the
723 3763 888 3812 appearance
899 3749 929 3797 of
937 3748 986 3796 the
998 3746 1164 3810 Paraphrase
1174 3747 1230 3796 and
1241 3748 1289 3796 the
1300 3747 1382 3796 death
1393 3746 1423 3795 ci
1432 3746 1469 3795 Le
1481 3743 1623 3807 sauuage]

802 3878 956 3926 masuvs
978 3878 1143 3928 aaammo
1164 3878 1227 3926 SVO
1249 3879 1275 3925 S.
1295 3878 1328 3925 D.

505 3999 575 4058 Pna
587 3999 701 4075 Musas,
718 4002 752 4061 ni
765 4000 847 4061 mihi
860 4000 1049 4061 Moecenatis
1062 4019 1146 4061 esses
1155 3999 1230 4074 vice,
1246 3997 1398 4058 conuiciis
1408 4000 1440 4057 te
1450 3997 1664 4075 discerperem,

465 4098 520 4176 qui
533 4100 582 4157 tot
595 4097 710 4158 littoris
723 4099 803 4159 meis
815 4101 1001 4174 prouocatus
1020 4117 1060 4158 ne
1076 4099 1208 4158 verbum
1223 4096 1351 4174 quidem
1371 4096 1565 4172 respondeas,
1582 4113 1664 4172 prae

464 4195 575 4256 sertim
588 4214 661 4256 cnm
675 4196 793 4256 scribas
805 4197 844 4257 ad
858 4196 945 4257 ulios.
990 4196 1071 4255 Rem
1084 4195 1243 4272 pensionis
1262 4213 1389 4254 omnem
1403 4196 1476 4253 tuae
1489 4192 1665 4252 concredidi

464 4292 557 4356 fidei:
577 4294 625 4354 fac
639 4294 737 4372 igitur
752 4297 787 4355 vt
807 4313 917 4372 pergas
938 4313 1005 4354 esse
1025 4294 1073 4354 tui
1093 4293 1216 4353 similis.
1258 4291 1413 4352 Fortassis
1432 4310 1451 4350 a
1471 4290 1592 4350 Pascha
1605 4292 1665 4351 erit

435 4415 450 4465 5
465 4391 545 4453 mihi
560 4392 707 4453 adeunda
722 4392 773 4452 vel
787 4392 911 4452 Basilea
927 4392 980 4452 vel
1000 4390 1104 4466 Italia,
1120 4410 1181 4468 quo
1200 4409 1346 4467 peragam
1365 4392 1541 4448 extremum
1559 4389 1665 4447 actum

462 4491 559 4551 huius
571 4490 743 4569 theologice
756 4490 913 4564 comedie;
933 4508 1009 4551 nam
1022 4489 1057 4549 in
1071 4488 1217 4550 nouando
1230 4488 1322 4548 Nouo
1336 4488 1535 4547 Testamenta
1548 4484 1614 4545 iam
1628 4504 1665 4544 eo

727 4647 783 4696 752.
801 4663 826 4707 4.
844 4649 903 4693 LB:
919 4658 1016 4708 pergas
1025 4647 1076 4692 MS.
1175 4644 1199 4693 6.
1218 4642 1337 4693 comedis
1348 4646 1401 4691 MS.

498 4799 555 4847 751.
565 4812 590 4859 9.
602 4795 795 4859 sacerdotium]
805 4794 1039 4858 01.Ep.714.11n.
1123 4807 1161 4852 17.
1179 4790 1292 4856 litteris]
1303 4789 1342 4841 Cf.
1355 4804 1380 4852 p.
1396 4803 1433 4849 14.

500 4878 538 4914 aa.
555 4862 705 4926 pensionis]
718 4862 769 4911 For
777 4860 884 4909 similar
895 4859 998 4909 trouble
1010 4860 1040 4906 in
1125 4859 1162 4905 18.
1175 4856 1234 4935 isti]
1246 4858 1303 4906 The
1315 4856 1437 4905 diocesan
1450 4854 1567 4904 officiale.

464 4930 618 4979 connexion
637 4928 708 4977 with
736 4927 888 4988 Aldington
922 4940 966 4975 see
992 4924 1039 4986 Ep.
1124 4936 1165 4972 aa.
1181 4921 1396 4985 exrtinere]See
1409 4922 1456 4983 Ep.
1470 4922 1526 4969 621.
1539 4921 1587 4981 5‚6.

464 4996 521 5057 ⁹7⁸·
534 5009 582 5043 1n.
1125 4989 1181 5037 752.
1198 5003 1221 5038 a.
1240 4986 1353 5051 litteris]
1367 4988 1433 5049 Epp.
1444 4987 1503 5049 652,
1514 4988 1572 5048 ⁶95·
