3867 6034
442 714 483 772 58
788 712 981 773 LETTERS
1008 713 1063 774 OF
1089 712 1291 774 ERASMUS
1547 708 1644 792 [1517

638 893 713 957 636.
757 891 807 955 To
829 891 1018 971 Hnauauu,
1041 890 1161 957 Conur
1184 907 1227 956 or
1250 890 1462 956 Naumanu.

479 1027 620 1085 Deventer
633 1026 691 1083 MS.
706 1042 750 1099 91,
763 1027 784 1085 s.
797 1044 841 1098 49.
1418 1026 1554 1083 Louvain.

479 1114 536 1171 LB.
549 1115 623 1186 App.
638 1116 697 1171 168.
1363 1128 1395 1184 25
1408 1114 1520 1186 August
1534 1128 1611 1185 1517.

555 1235 781 1301 [contemporary
792 1237 861 1286 with
872 1237 921 1299 Ep.
932 1237 991 1300 622,
1004 1236 1095 1286 which
1106 1237 1184 1286 deals
1194 1236 1264 1287 with
1275 1237 1323 1286 the
1335 1251 1408 1285 same
1420 1235 1528 1300 topica]

466 1367 624 1416 RRASMVS
647 1368 853 1417 cmmssmo
875 1368 997 1419 coum
1018 1369 1051 1420 D.
1071 1369 1264 1418 HERMANNO
1285 1369 1308 1415 N
1311 1367 1436 1416 ΕΑΕΤΙΟ
1459 1366 1522 1414 SVO
1544 1367 1570 1416 S.
1589 1365 1623 1415 D.

487 1490 560 1551 Sora
581 1494 648 1551 tota
668 1491 816 1552 sodalitas
837 1490 1022 1552 Basiliensis
1042 1490 1124 1552 mihi
1143 1510 1265 1570 semper
1281 1489 1479 1568 displicuisse
1492 1486 1651 1565 Epistolas

446 1609 524 1668 quas
547 1588 775 1667 inscripserunt
797 1590 1010 1650 Obscurorum
1028 1590 1198 1665 Virorum3
1228 1609 1292 1651 non
1316 1589 1398 1667 quod
1421 1588 1607 1649 abhorream
1631 1607 1650 1646 a

446 1687 569 1748 festiuis
580 1686 665 1762 iocis,
676 1688 729 1748 sed
741 1688 823 1766 quod
834 1708 898 1749 non
909 1687 1031 1765 placeat
1039 1689 1220 1767 exemplum
1229 1687 1355 1749 ledendi
1364 1687 1481 1747 famam
1492 1685 1630 1747 alienam
1642 1706 1650 1744 τ

447 1785 530 1864 quod
548 1804 584 1846 ea
602 1805 651 1846 res
670 1787 771 1846 cuiuis
789 1786 831 1847 sit
850 1785 884 1846 in
903 1789 1061 1865 promptu.
1104 1787 1255 1849 Lusimus
1270 1790 1302 1848 st
1322 1805 1381 1847 nos
1398 1785 1476 1845 olim
1492 1786 1528 1845 in
1542 1782 1648 1855 hieria,

422 1896 435 1946 5
448 1883 501 1944 aad
517 1884 637 1945 nullius
651 1904 767 1944 nomen
781 1904 799 1945 a
812 1884 904 1945 nobis
917 1885 1120 1961 perstrictum
1133 1889 1189 1947 est.
1232 1886 1279 1946 At
1292 1884 1356 1959 isti,
1372 1882 1551 1961 quicunque
1564 1883 1650 1953 sunt,

449 2002 513 2042 non
528 1981 668 2042 contenti
681 1982 726 2041 sio
740 1982 896 2058 inoperose,
912 1980 1123 2062 cdd<id>erunt
1136 1984 1271 2044 alterum
1282 1981 1331 2043 illi
1344 1981 1483 2043 similem
1497 1979 1651 2051 libellum,

449 2081 483 2141 in
505 2100 567 2157 quo
589 2078 725 2139 demiror
745 2099 801 2139 our
821 2100 874 2139 me
899 2081 993 2142 toties
1017 2082 1246 2142 nominandum
1270 2082 1430 2159 putarunt.
1473 2078 1602 2138 Etenim
1625 2076 1654 2135 si

450 2180 529 2240 bene
542 2179 655 2240 volunt
670 2179 809 2253 Erasmo‚
826 2199 882 2238 cur
900 2180 983 2240 mihi
1002 2183 1123 2241 mutam
1143 2181 1281 2241 conflant
1302 2179 1485 2241 inuidiam?
1525 2177 1553 2238 si
1571 2175 1654 2237 male

449 2278 569 2352 volunt,
586 2296 642 2337 cur
657 2278 691 2337 in
705 2276 830 2338 diuersa
850 2283 974 2356 ponunt
988 2281 1075 2355 parte
1088 2283 1181 2358 atque
1200 2298 1237 2339 ea
1251 2298 1347 2356 quam
1365 2279 1426 2340 hoo
1439 2275 1547 2338 libello
1560 2274 1655 2353 petie

408 2396 438 2430 ιο
451 2378 551 2436 runt?
592 2375 681 2450 Quod
703 2376 731 2436 si
752 2379 883 2455 pergant
903 2377 941 2437 ad
963 2378 1062 2438 istum
1083 2378 1195 2456 nugari
1211 2378 1351 2452 modum,
1365 2376 1500 2438 afficient
1514 2377 1550 2434 vt
1564 2371 1655 2432 bonis

451 2474 547 2534 etiam
560 2473 765 2551 scriptoribus
776 2473 959 2551 imponatur
972 2474 1144 2536 silentium.

492 2573 623 2634 Etenim
648 2571 780 2633 Iacobus
801 2592 892 2635 meus
916 2593 1017 2651 nuper
1040 2575 1170 2636 Colonia
1191 2593 1335 2636 reuersus
1356 2573 1466 2635 retulit
1486 2571 1568 2632 mihi
1586 2569 1658 2629 istic

452 2689 598 2748 sparsum
611 2669 758 2731 libellum
773 2671 876 2732 nescio
888 2691 983 2749 quem
993 2673 1032 2733 de
1042 2671 1127 2734 Iulio
1137 2672 1298 2746 Pontifioe,
1311 2673 1445 2734 ridiculo
1459 2669 1655 2749 argumento.

453 2769 549 2830 Haud
570 2768 634 2828 scio
653 2786 695 2828 an
716 2768 852 2829 eundem
873 2770 912 2830 de
932 2790 995 2849 quo
1015 2771 1137 2849 pridem
1155 2772 1264 2833 audiui
1280 2771 1429 2841 fabulam,
1444 2770 1484 2831 ab
1503 2766 1659 2845 Hispanio

411 2887 440 2937 15
454 2868 558 2928 nescio
582 2886 643 2945 quo
668 2867 879 2945 conscriptum
903 2869 1056 2944 Lutetiae,
1076 2873 1107 2931 et
1132 2869 1252 2930 Gallice
1277 2889 1422 2931 versum:
1449 2869 1556 2928 actum
1579 2863 1660 2925 inibi

454 2965 611 3042 regalibus
641 2965 739 3038 festis,
769 2964 885 3042 quibus
914 2967 1045 3028 solenne
1072 2972 1121 3029 est
1142 2967 1327 3028 huiusmodi
1360 2966 1483 3028 naeniis
1516 2962 1660 3025 lasciuire

454 3063 658 3125 scholasticis.
701 3061 837 3124 Addidit
855 3066 961 3125 autem
980 3066 1063 3142 quod
1077 3065 1132 3126 vix
1151 3065 1264 3144 opinor
1283 3084 1350 3126 esse
1368 3083 1487 3137 verum,
1507 3081 1573 3124 esse
1589 3061 1661 3121 istic

455 3160 626 3223 nonnullos
647 3160 701 3239 qui
722 3160 921 3239 suspicentur
940 3181 1048 3225 meum
1069 3164 1238 3225 inuentum
1256 3183 1331 3239 esse,
1349 3163 1388 3224 ob
1402 3163 1443 3236 id,
1459 3165 1495 3223 vt
1510 3161 1562 3235 ait,
1578 3158 1661 3239 quod

456 3260 611 3322 Latinitas
623 3259 666 3318 sit
679 3258 855 3320 mediocris.
897 3259 978 3321 Mihi
999 3280 1073 3322 vero
1095 3281 1151 3322 nec
1172 3261 1231 3323 ocii
1252 3264 1377 3322 tantum
1397 3263 1446 3320 est
1466 3263 1502 3320 vt
1522 3258 1661 3336 aliquam

414 3380 445 3415 ao
456 3361 605 3421 horarum
630 3356 809 3418 istiusmodi
830 3359 923 3436 nugis
942 3359 1147 3437 impertiam3
1177 3379 1234 3420 neo
1254 3360 1382 3420 animus
1401 3362 1468 3420 tam
1489 3358 1607 3435 impius
1626 3358 1662 3415 vt-

457 3478 619 3520 summum
636 3457 825 3519 Pontificem
844 3459 940 3518 velim
959 3459 1074 3535 ludere,
1091 3478 1148 3520 nec
1166 3462 1233 3520 tam
1255 3457 1372 3520 stultus
1388 3462 1424 3519 vt
1440 3458 1474 3517 in
1494 3476 1547 3518 eos
1564 3455 1662 3516 velim

457 3559 593 3620 scribere
604 3557 659 3636 qui
668 3558 802 3635 possunt
810 3558 1009 3634 proscribere.
1043 3559 1146 3634 Quam
1154 3558 1193 3619 oh
1205 3578 1271 3618 ram
1283 3561 1316 3619 te
1327 3557 1478 3618 maiorem
1486 3557 1521 3616 in
1530 3555 1663 3616 modum

457 3677 541 3737 rogo,
557 3655 741 3718 charissime
755 3655 876 3730 Comes,
892 3660 937 3732 vt,
953 3657 1027 3717 licet
1041 3676 1077 3717 ea
1090 3675 1141 3717 res
1158 3655 1238 3717 nihil
1252 3656 1291 3717 ad
1309 3676 1359 3716 me
1376 3656 1540 3732 pertineat,
1555 3656 1663 3714 tamen

457 3756 497 3817 ob
519 3774 720 3816 communem
741 3753 936 3815 eruditorum
958 3754 1127 3816 hominum
1148 3753 1312 3827 inuidiam,
1332 3754 1360 3814 si
1381 3773 1491 3815 verum
1511 3752 1664 3829 estquod

415 3871 444 3920 25
459 3855 553 3916 audio
574 3856 612 3915 de
634 3852 692 3914 tali
713 3853 832 3927 libello,
854 3858 889 3915 vt
910 3873 1000 3915 cures
1026 3853 1234 3933 premendum
1256 3852 1307 3914 vel
1327 3852 1432 3931 potius
1452 3851 1664 3923 abolendum

458 3954 514 4014 aut
542 3953 570 4012 si
598 3952 675 4028 quid
702 3954 749 4011 est
775 3951 863 4013 aliud
889 3953 1003 4015 simile.
1065 3952 1132 4030 Ego
1160 3956 1232 4014 ante
1261 3951 1425 4013 biennium
1452 3949 1665 4027 Triumphum

461 4048 630 4110 Reuchlini
643 4050 707 4108 iam
722 4054 792 4109 tum
805 4054 950 4126 paratum
960 4049 1092 4112 editioni
1106 4051 1140 4110 in
1155 4049 1323 4110 Germania
1330 4048 1536 4127 premendum
1547 4047 1662 4118 curaui,

460 4148 591 4209 etitem
612 4146 747 4208 alterum
764 4148 930 4224 quendam,
946 4148 1136 4226 inscriptum
1156 4147 1356 4208 Monachum.
1399 4146 1451 4206 Sic
1471 4145 1556 4206 enim
1576 4146 1666 4205 faueo

461 4246 637 4307 Reuehlino
658 4244 698 4305 ob
719 4245 929 4306 eruditionem
943 4250 980 4307 vt
999 4246 1081 4307 mihi
1101 4266 1174 4306 cum
1193 4244 1384 4305 Hochstrato
1404 4247 1459 4304 aut
1479 4243 1550 4304 aliis
1571 4242 1668 4304 huius

418 4344 608 4408 refectionis
624 4343 750 4405 nullum
765 4343 895 4404 omnino
909 4345 951 4405 sit
964 4344 1094 4420 bellum,
1110 4365 1183 4404 cum
1198 4344 1236 4405 ad
1251 4363 1302 4403 me
1316 4363 1407 4404 causa
1420 4342 1503 4402 nihil
1517 4341 1667 4403 attineat:

634 4493 674 4539 27.
692 4477 837 4528 Reuchlini
848 4482 948 4538 seips:
964 4479 1121 4531 Bouchlinr'a
1132 4482 1185 4529 MS.
1198 4495 1204 4526 :
1222 4477 1431 4528 Reuchlinicum
1444 4481 1492 4527 LB.

500 4630 538 4673 14.
556 4612 702 4677 Hispanio]
721 4613 761 4664 (ll.
775 4613 823 4675 Ep.
834 4614 893 4674 961.
1091 4611 1183 4661 March
1199 4624 1261 4672 15¹5
1279 4611 1403 4674 (sporcio,
1416 4610 1469 4658 LB.
1481 4625 1507 4659 x.
1529 4609 1592 4658 1668
1603 4610 1669 4671 nn);

497 4694 537 4728 αα.
555 4677 732 4743 proscribere]
759 4679 881 4741 Bocking
903 4692 1041 4741 compares
1091 4675 1146 4726 and
1174 4676 1321 4739 published
1354 4677 1460 4738 against
1491 4675 1535 4724 his
1561 4675 1666 4724 advice.

466 4744 576 4794 Pollio'a
596 4744 702 4795 dictum
721 4745 751 4792 in
771 4743 887 4793 hlaorob.
905 4748 957 4793 Sat.
977 4759 1000 4793 a.
1018 4761 1041 4803 4.
1092 4743 1221 4804 Bocking,
1243 4743 1305 4791 who
1327 4743 1416 4804 prints
1438 4742 1462 4789 it
1485 4742 1514 4789 in
1538 4739 1670 4789 Hutten’s

466 4824 506 4859 21.
1093 4813 1174 4871 Opera,
1202 4808 1243 4856 iii.
1272 4823 1322 4869 413
1342 4822 1406 4869 seq„
1431 4807 1506 4855 dates
1534 4807 1582 4854 the
1610 4805 1671 4854 first

500 4877 540 4924 26.
559 4874 740 4938 Triumphum
755 4874 952 4938 Reuchlini]A
965 4889 1044 4938 poem
1092 4873 1197 4923 edition
1211 4874 1280 4933 1518.
1315 4873 1356 4922 Cf.
1368 4873 1435 4935 lipp.
1449 4887 1508 4933 923,
1519 4885 1577 4933 951.

466 4939 1045 5005 bynutt011‚ah0wnt0urasmuaacuum
1126 4941 1166 4988 aa.
1185 4937 1362 5002 Monachum]
1386 4938 1535 4988 Uuknowu
1561 4938 1590 4985 to
1619 4950 1671 4985 me.

467 5009 498 5056 in
510 5008 579 5069 Aug.
592 5020 654 5067 15¹4
667 5004 721 5055 and
731 5005 811 5068 again
821 5009 851 5055 at
860 5005 1044 5054 Franklortin
1094 5004 1214 5068 Perhaps
1225 5004 1347 5054 likewise
1360 5005 1394 5066 by
1407 5003 1522 5053 Hutten.
