3867 6034
471 717 512 777 70
819 715 1009 778 Lamnas
1037 715 1091 777 OE
1117 714 1318 778 ERASHUB
1571 707 1668 793 [1517

470 873 530 934 hoc
556 876 604 934 est
635 871 805 947 obscurare,
835 871 952 933 virtute
982 870 1134 932 virtutem
1161 870 1293 932 vincere.
1347 870 1453 948 Atque
1480 868 1605 928 vtinam
1634 872 1671 929 vt

471 969 667 1042 Suetonium,
696 968 862 1031 Aurelium
894 968 1053 1031 Victorem
1085 971 1118 1029 et
1148 967 1336 1046 Eutropium
1366 966 1461 1042 dedit,
1495 965 1608 1026 itidem
1638 970 1670 1026 et

428 1084 458 1119 10
471 1067 601 1128 Aelium
625 1067 827 1145 spartianum
852 1070 1048 1145 cautumque
1069 1066 1142 1128 huic
1166 1066 1329 1127 adiunctos
1353 1064 1445 1126 nobis
1468 1064 1612 1139 dedisset,
1636 1063 1671 1123 in

472 1166 586 1243 quibus
608 1184 665 1226 nos
687 1164 844 1242 permulta
864 1163 1080 1226 restituimus!
1121 1164 1205 1225 Nam
1225 1165 1334 1224 omnia
1355 1164 1411 1240 qui
1431 1166 1581 1241 poteram,
1607 1162 1670 1222 nisi

472 1263 614 1324 codicum
636 1264 839 1340 antiquorum
865 1262 983 1323 auxilio
1011 1262 1161 1323 aunon?
1210 1261 1349 1323 Tametsi
1375 1264 1406 1321 et
1429 1262 1463 1321 in
1487 1259 1671 1337 Tranquillo

473 1361 626 1421 nonnulla
651 1360 849 1421 restituimus
877 1380 956 1438 quae
984 1359 1157 1438 Egnatium
1187 1359 1262 1421 licet
1293 1359 1540 1421 oculatissimum
1575 1357 1670 1419 suffu-

472 1461 602 1535 gerant;
625 1458 713 1519 velut
733 1456 768 1516 in
789 1458 918 1519 Caesare
937 1457 1092 1519 dictatore
1110 1478 1175 1536 cap.
1196 1472 1240 1532 17,
1263 1458 1399 1518 ‘Eodem
1419 1456 1511 1517 modo
1532 1455 1672 1516 Nouium

431 1575 460 1625 rs
474 1559 681 1634 quaestorem,
702 1556 784 1633 quod
806 1555 990 1634 compellari
1013 1558 1096 1635 apud
1120 1575 1153 1617 ss
1176 1556 1327 1617 maiorem
1352 1557 1539 1635 potestatem
1562 1571 1673 1632 passus

474 1655 576 1730 esset'
601 1655 687 1716 niodo
712 1653 924 1730 expunximus
955 1672 994 1715 ex
1021 1653 1084 1714 fide
1109 1654 1317 1716 vetustissimi
1348 1652 1482 1725 codicis3
1516 1652 1673 1728 siquidem

474 1752 570 1813 codem
582 1752 634 1813 hic
647 1750 830 1812 aducrbium
843 1755 899 1826 est,
915 1753 952 1811 vt
963 1751 1132 1814 subaudias
1144 1754 1284 1826 coeat„

517 1849 600 1910 Sunt
616 1850 675 1910 hoc
692 1868 790 1927 genus
806 1851 840 1909 et
857 1849 919 1910 alia
939 1850 1104 1924 nonnulla,
1118 1851 1172 1911 sed
1192 1851 1365 1912 minutiora
1385 1868 1480 1928 quam
1497 1852 1534 1909 vt
1555 1865 1675 1923 operae

474 1946 615 2025 precium
629 1948 671 2008 sit
685 1946 846 2025 sigillatim
861 1967 1027 2009 recensere.
1060 1949 1225 2010 Caeterum
1239 1950 1322 2027 quod
1335 1950 1369 2008 in
1384 1948 1509 2009 Othone
1520 1944 1675 2024 Egnatius

432 2045 644 2121 relegendum
665 2047 765 2123 putat,
785 2046 823 2104 Τι’
840 2048 896 2126 γάρ
916 2072 954 2123 με
970 2045 1076 2106 δεῖκαὶ
1095 2051 1153 2110 ταῖς
1173 2052 1289 2125 μακροῖς
1310 2049 1407 2110 αὐλοῖς
1427 2048 1537 2118 atatim
1558 2043 1598 2104 ab
1619 2040 1674 2102 illo

476 2142 636 2217 dissentio,
659 2142 743 2221 quod
767 2142 843 2203 haec
866 2144 930 2203 fere
951 2143 1047 2205 verba
1067 2144 1240 2206 Beroaldus
1261 2144 1301 2205 ab
1323 2144 1445 2205 erudito
1468 2141 1604 2219 quodam
1624 2139 1675 2201 ad·

477 2243 617 2301 monitus
630 2261 668 2302 ex
682 2240 784 2302 Dione
797 2240 859 2301 buc
872 2241 1079 2302 transtulerit
1123 2242 1232 2319 Neque
1244 2242 1368 2303 variant
1381 2240 1432 2301 hic
1451 2259 1530 2318 quae
1542 2236 1675 2298 viderim

477 2339 685 2416 exemplaria:
713 2342 841 2400 tantum
861 2340 896 2399 in
916 2339 1081 2401 nonnullis
1100 2360 1157 2417 pro
1177 2343 1274 2403 αὐλαῖς
1293 2339 1441 2400 vitiatum
1462 2339 1530 2399 erat
1549 2337 1674 2398 ἀσύλοις.

478 2436 661 2513 Legendum
673 2438 771 2515 igitur
783 2438 981 2508 hauddubie,
992 2440 1029 2499 Τι’
1039 2440 1095 2519 γάρ
1107 2464 1158 2517 μοι
1171 2440 1217 2498 καὶ
1226 2440 1342 2516 μακροῖς
1355 2440 1467 2511 aiteio,
1483 2435 1516 2496 id
1532 2438 1582 2496 eat
1594 2433 1676 2510 Quid

435 2557 466 2608 ²5
479 2533 559 2593 milri
580 2554 652 2595 cum
672 2534 776 2613 longis
797 2535 908 2598 tibiis?
949 2537 1016 2612 Qua
1036 2538 1074 2597 de
1095 2557 1129 2597 re
1149 2536 1305 2614 copiosius
1324 2536 1417 2597 nobis
1437 2534 1557 2596 dictum
1575 2535 1623 2593 est
1642 2532 1677 2592 in

479 2631 672 2709 Adagiorum
686 2632 889 2695 Ohiliadibus

520 2727 561 2789 In
572 2729 712 2806 Caligula
725 2750 781 2808 pro
792 2749 844 2793 nec
853 2733 970 2793 diremi
976 2734 1072 2808 finem
1078 2733 1196 2807 sactum
1207 2733 1445 2793 restitueremus
1457 2749 1496 2791 ex
1507 2728 1677 2805 exemplari

479 2828 661 2904 peruetusto
676 2846 728 2888 racc
742 2830 848 2889 licendi
855 2831 950 2905 finem
956 2830 1085 2906 sactum,
1099 2831 1223 2892 etiamsi
1235 2834 1308 2908 post
1321 2829 1458 2907 comperi
1476 2828 1579 2889 locum
1593 2827 1678 2887 hunc

480 2924 639 2985 aBudaeo
652 2928 759 2986 nostro
774 2930 947 2988 correctum
965 2928 999 2988 in
1017 2929 1104 2991 Asse.
1148 2928 1218 2991 Hoc
1237 2930 1404 2989 admonere
1420 2927 1526 2988 visum
1543 2929 1603 2999 est,
1617 2943 1678 3002 quo

437 3046 469 3094 ρο
480 3021 553 3101 plus
559 3024 708 3100 ponderis
716 3023 829 3085 habeat
838 3025 1006 3087 Budacana
1014 3027 1191 3106 castigati03
1205 3046 1382 3106 quanquam
1390 3046 1426 3086 sa
1434 3024 1554 3085 nullius
1562 3022 1681 3084 vetusti

480 3118 594 3180 codicis
606 3121 763 3198 praefetur
775 3122 985 3184 autoritatem.

522 3216 622 3279 Porro
635 3219 717 3297 quod
732 3218 765 3278 in
779 3221 922 3297 Augusto
936 3221 1059 3299 legitur,

643 3350 718 3409 Δότε
739 3352 837 3428 κρότον
859 3352 905 3411 καὶ
924 3354 1025 3415 πάντες
1045 3354 1122 3429 ὑμεῖς
1142 3354 1214 3429 μετὰ
1233 3358 1323 3432 χαρᾶς
1343 3378 1370 3411 τι
1390 3355 1502 3425 ποιεῖτε,

482 3480 577 3542 idest
591 3481 670 3542 Date
680 3481 826 3560 plausum
837 3485 868 3542 et
879 3502 990 3545 omnes
1000 3502 1057 3545 vos
1070 3502 1143 3544 cum
1156 3484 1270 3561 gaudio
1285 3482 1445 3563 quippiam
1455 3482 1557 3558 facite,
1570 3481 1605 3542 in
1619 3500 1681 3560 quo

438 3595 469 3647 35
482 3582 515 3640 et
528 3579 682 3656 Egnatius
695 3577 909 3641 hallucinatus
922 3584 977 3657 est,
991 3601 1056 3659 ego,
1069 3580 1103 3641 ni
1117 3581 1216 3656 fallor,
1229 3585 1262 3643 et
1271 3602 1355 3643 vnus
1364 3584 1396 3643 et
1408 3582 1532 3659 primus
1545 3578 1678 3652 restitui,

482 3677 577 3754 idque
597 3697 636 3738 ex
656 3676 924 3756 qualibuscunque
940 3678 1083 3757 vestigiis
1102 3679 1313 3759 antiquissimi
1334 3678 1455 3740 codicia
1498 3678 1680 3756 Legendum

483 3773 581 3852 igitur
594 3777 633 3836 ad
646 3775 731 3836 hunc
746 3775 878 3837 modum

556 3890 629 3949 Δότε
650 3891 748 3967 κρότον
770 3891 815 3950 καὶ
834 3892 935 3955 πάντες
955 3894 1041 3970 ὑμεῖς,
1063 3892 1130 3954 siue
1149 3894 1224 3970 ἡμῖν,
1246 3896 1318 3969 μετὰ
1338 3897 1427 3971 χορός
1448 3893 1608 3969 manicare

485 4001 518 4061 id
540 4005 587 4062 est
607 4002 686 4065 Date
702 4005 849 4081 plausum
869 4008 901 4066 st
921 4026 979 4067 vos
1000 4025 1117 4081 omnes,
1133 4006 1199 4068 siue
1220 4026 1329 4067 omnes
1351 4006 1449 4080 nobis,
1474 4025 1547 4067 cum
1568 4004 1681 4083 gaudio

440 4129 473 4179 40
484 4098 642 4178 plaudite:
670 4105 718 4163 est
738 4103 824 4162 enim
843 4123 953 4165 versus
973 4104 1161 4166 trochaicus.
1202 4106 1243 4166 In
1260 4107 1386 4166 vetusto
1406 4105 1509 4165 codice
1530 4103 1682 4181 scriptum

521 4268 559 4314 14.
585 4260 730 4316 rqccrmi:
749 4257 816 4310 ras.
863 4257 981 4307 Nonium
998 4261 1137 4312 arrenici.
1204 4273 1244 4320 31.
1262 4260 1402 4322 praefatur
1412 4277 1437 4321 γ.
1499 4259 1541 4320 38.
1559 4254 1684 4317 sinaitis

485 4324 576 4383 adit-1.
637 4337 678 4385 39.
690 4323 748 4372 siue
756 4337 849 4372 omnes
857 4324 936 4373 nobis
946 4328 1004 4376 odd.
1015 4341 1040 4387 γ.
1107 4325 1201 4386 4o.1n
1214 4329 1413 4385 vetusto...42.
1426 4323 1645 4374 comoediaoadd
1656 4338 1680 4384 γ.

521 4484 559 4531 19·
577 4471 683 4520 Othone
708 4470 770 4534 Gap.
784 4486 806 4532 7.
1110 4472 1227 4538 497(49⁶
1236 4475 1265 4522 in
1274 4473 1341 4523 edit.
1352 4474 1428 4535 1508)
1437 4473 1566 4523 Erasmus
1577 4474 1601 4521 is
1610 4484 1684 4521 mora

551 4536 683 4599 Egnatius
704 4536 882 4588 mercor
895 4538 943 4590 the
959 4538 1062 4588 Aldine
1109 4542 1240 4601 cautious,
1264 4540 1400 4601 ascribing
1427 4541 1475 4589 the
1499 4539 1635 4589 reference
1656 4541 1684 4587 to

486 4601 641 4663 Suetonius,
652 4603 722 4664 Aug.
736 4604 807 4666 151⁶.
1112 4605 1265 4668 ‘quendam
1277 4619 1333 4653 non
1345 4606 1449 4653 obscuri
1465 4605 1586 4654 nominis
1601 4605 1684 4653 inter-

519 4679 558 4715 21.
576 4667 736 4732 Beroaldus]
758 4670 803 4718 An
826 4684 909 4723 error.
941 4670 998 4720 The
1022 4685 1062 4720 re-
1109 4669 1237 4733 pretcm’.

487 4730 594 4781 ierenoe
615 4736 644 4783 to
666 4733 718 4783 Dio
741 4733 805 4783 does
832 4739 880 4785 not
895 4750 970 4786 come
991 4737 1061 4785 from
1143 4735 1424 4799 cc.Dions]64.·1.r.

487 4794 644 4860 Beroaldus,
658 4800 706 4848 but
724 4801 748 4848 is
764 4802 849 4849 found
865 4801 924 4850 first
940 4803 971 4851 in
988 4816 1061 4851 some
1143 4804 1184 4851 26.
1201 4800 1382 4865 Adagiorum]
1395 4817 1451 4864 497.

487 4874 656 4924 anonymous
672 4868 751 4914 notes
766 4865 854 4915 added
871 4870 899 4915 to
917 4868 961 4916 his
978 4868 1009 4915 in
1026 4881 1062 4916 an
1144 4881 1184 4926 27.
1204 4865 1338 4930 Caligula]
1350 4867 1412 4930 Gap.
1426 4867 1466 4927 38.
1480 4882 1503 4925 a

487 4926 592 4977 edition
608 4930 637 4979 ol
650 4930 805 4990 Suetonius,
814 4932 921 4993 Venice,
936 4932 985 4982 Ph.
1000 4932 1062 4980 Pin·
1144 4947 1184 4993 29·
1203 4932 1232 4979 in
1244 4931 1323 4995 Asse]
1335 4932 1378 4980 Bk
1390 4933 1399 4979 i
1405 4936 1452 4989 fin.

488 4994 554 5055 cius,
567 4997 596 5044 18
607 4995 670 5044 Eeb.
685 5010 756 5058 1510,
770 4997 789 5045 f.
803 4998 849 5044 οὓς
862 5000 899 5046 a0.
935 4997 971 5046 In
981 5002 1061 5057 Adeo.
1145 5011 1186 5058 32.
1202 4997 1335 5061 Augusto]
1348 4997 1410 5059 cap.
1423 5013 1463 5059 99.
