3867 6034
291 715 373 801 832]
616 719 670 780 uo
699 719 932 783 cucusam
958 719 1184 783 uuusuucu
1434 720 1497 782 aaa

293 877 468 957 reperimus
489 877 571 955 apud
598 876 816 940 columellam
859 878 961 940 Vetus
984 877 1039 940 ille
1063 877 1184 939 amicus
1210 880 1348 939 veteram
1376 896 1496 939 morem

292 976 425 1038 obtinet.
467 975 654 1053 Syngrapha
673 975 755 1037 nihil
777 996 828 1037 me
848 976 963 1049 docuit
980 981 1016 1039 vt
1035 977 1149 1055 inqua
1167 996 1208 1037 ne
1221 976 1354 1038 verbum
1368 975 1497 1053 quidem

292 1072 508 1135 intellexerim.
554 1072 675 1134 llutaui
702 1074 913 1152 syngrapham
940 1074 1119 1154 syngrapha
1146 1074 1186 1134 ob
1214 1074 1352 1136 latrones
1378 1073 1495 1152 ubique

291 1176 477 1251 grassames
521 1171 585 1232 Res
598 1171 754 1233 bonafide
767 1172 852 1235 inter
871 1192 930 1234 noe
947 1176 1017 1235 acta
1031 1175 1088 1235 eet.
1133 1172 1198 1233 Nec
1212 1171 1264 1232 hic
1278 1170 1353 1250 quid
1368 1171 1496 1249 scripse·

292 1271 359 1332 rint
372 1270 450 1332 satis
462 1269 618 1347 intelligo,
626 1269 689 1331 niei
700 1271 783 1348 quod
794 1269 863 1348 lego
875 1270 1020 1333 ‘duchati
1030 1274 1138 1332 trenta
1151 1270 1233 1332 della
1245 1270 1371 1349 ragione
1385 1270 1417 1331 di
1432 1289 1495 1331 xxx
1510 1284 1540 1319 ¹0

290 1368 428 1430 denari’.

333 1467 463 1528 Adorno
490 1466 714 1542 profectionem
741 1467 776 1527 in
801 1467 944 1545 singulae
969 1469 1069 1543 horae,
1095 1485 1206 1528 verum
1234 1466 1289 1527 vix
1316 1466 1407 1528 video
1434 1485 1496 1544 qua

290 1565 410 1642 poesim
430 1565 464 1625 in
489 1565 692 1626 Germaniam
714 1565 857 1643 irrepere.
900 1565 1038 1627 Dimissa
1059 1568 1108 1626 eet
1132 1584 1234 1642 nuper
1256 1564 1495 1627 sceleratissima

291 1662 432 1724 militum
467 1664 629 1738 nigrorum
664 1663 816 1724 colluuies
851 1663 1066 1725 crudelissima
1099 1663 1278 1740 principum
1313 1666 1494 1724 hostiorum

288 1760 468 1821 clementia
510 1760 635 1822 Obsessi
655 1763 853 1836 tenebantur,
873 1762 1000 1823 nullum
1020 1764 1089 1823 erat
1109 1760 1270 1837 effugium,
1291 1760 1372 1821 nihil
1393 1762 1494 1840 magis
1509 1772 1537 1821 ¹5

289 1860 443 1921 ardebant
465 1860 617 1938 agricolae
637 1880 733 1939 quam
757 1860 830 1922 illos
852 1861 1059 1923 internicione
1084 1860 1196 1933 delere,
1222 1859 1315 1921 sicuti
1341 1878 1405 1921 non
1428 1880 1493 1922 vno

288 1962 380 2024 erant
405 1958 502 2019 exitio
530 1958 626 2036 digni.
682 1960 842 2021 Trucidati
868 1964 945 2021 eunt
972 1959 1043 2038 plus
1072 1958 1179 2019 minus
1207 1957 1303 2033 mille,
1332 1958 1426 2036 idque
1452 1958 1492 2019 ad

290 2057 447 2118 incertum
481 2056 621 2118 hominis
647 2057 834 2120 clamorem:
868 2057 985 2137 alioqui
1015 2056 1194 2135 principum
1226 2058 1294 2117 erat
1313 2045 1491 2117 'consilium

290 2155 421 2233 impiam
444 2154 534 2216 illem
561 2159 594 2216 et
617 2156 766 2217 omnibus
792 2155 963 2217 sceleribus
991 2158 1132 2234 opertam
1162 2174 1294 2215 manum
1321 2155 1355 2215 in
1385 2156 1492 2216 nostra

288 2254 391 2332 capita
418 2253 586 2315 dimittere.
630 2254 770 2317 coercita
795 2257 844 2315 eet
870 2254 967 2330 codes,
999 2254 1128 2331 reliquis
1155 2253 1228 2313 data
1254 2253 1347 2315 venia
1374 2253 1491 2314 relictis
1506 2264 1536 2300 ²0

289 2353 388 2414 armis
406 2352 561 2414 abeundi:
581 2372 622 2413 ne
640 2353 689 2413 ias
709 2353 751 2413 ait
768 2352 888 2415 colonia
906 2357 962 2414 aut
976 2352 1098 2413 ciuibus
1117 2370 1170 2412 eos
1191 2351 1370 2429 ubicunque
1388 2350 1492 2430 depre

289 2450 458 2512 henderint
481 2450 646 2511 trucidare.
690 2451 770 2512 Vide
790 2471 886 2529 quam
906 2451 990 2513 male
1013 2449 1194 2512 consultum
1218 2449 1261 2510 ait
1282 2449 1490 2527 reipublicae!

287 2549 438 2627 ¹Sooleuati
461 2549 512 2610 illi
532 2549 616 2627 quod
636 2548 811 2611 incolumes
832 2554 907 2612 sunt
928 2549 1064 2629 principi
1086 2551 1143 2609 vni
1164 2552 1259 2626 atque
1279 2547 1369 2608 alteri
1386 2548 1490 2610 ferent

289 2650 451 2723 acceptum
465 2669 473 2721 ;
493 2647 577 2724 quod
600 2647 788 2724 desyderent
802 2648 922 2726 aliquot
938 2668 956 2708 e
974 2649 1049 2723 auiis,
1065 2648 1100 2708 in
1114 2646 1224 2725 populi
1239 2646 1341 2724 capita
1353 2646 1491 2707 vindica·

287 2744 381 2807 bunt.
422 2745 553 2823 Iamque
574 2746 691 2822 passim
712 2745 887 2807 audiuntur
906 2746 1040 2822 iugulati
1061 2744 1205 2807 viatcoes
1246 2744 1317 2805 Hoc
1336 2745 1404 2805 erat
1424 2765 1489 2806 non
1504 2756 1533 2806 ²⁵

288 2844 448 2904 dimittere
461 2862 591 2904 manum
610 2843 699 2904 illam
720 2845 775 2905 sed
795 2844 917 2905 irritare
930 2845 965 2905 in
984 2863 1096 2905 omnes
1116 2843 1287 2921 praedones
1303 2862 1360 2904 sua
1376 2845 1489 2920 sponte

286 2942 327 3003 ad
355 2961 449 3003 omno
476 2945 600 3017 paratos
625 2942 757 3003 facinus
809 2943 1002 3020 Quocunque
1030 2962 1082 3003 me
1109 2941 1280 3015 contulero,
1311 2941 1424 3003 faciam
1452 2944 1488 3003 vt

286 3059 376 3101 eccas

328 3137 428 3199 Adest
449 3136 501 3197 hic
522 3136 625 3197 Iulius
646 3137 768 3211 Caluus,
784 3138 955 3217 bibliopola
978 3138 1162 3210 Ticineneia,
1183 3137 1278 3198 homo
1299 3137 1433 3198 festinus
1451 3157 1487 3198 ac

285 3237 407 3297 doctus.
448 3234 483 3295 Is
493 3235 574 3295 mihi
587 3235 788 3299 Theocritum
798 3238 914 3308 attulit,
926 3236 1082 3298 adiunctis
1092 3234 1324 3296 commentariis
1337 3254 1487 3296 excusum
1500 3245 1533 3293 30

287 3334 440 3408 formulis,
464 3336 557 3411 atque
582 3333 657 3395 item
685 3335 860 3395 Pindarum
883 3334 998 3395 additis
1022 3335 1217 3394 diuersorum
1242 3332 1484 3392 commentariis.

287 3432 384 3492 Dedit
411 3434 442 3491 et
471 3431 638 3492 Frontonis
665 3452 700 3491 ac
728 3433 879 3493 Varronis
905 3432 1103 3508 aliorumque
1133 3430 1308 3508 fragmenta
1334 3431 1487 3508 quaedam
1514 3460 1516 3466 v

286 3530 520 3604 vetustissima;
541 3550 620 3608 quae
633 3551 687 3607 per
702 3530 852 3592 Ioannem
864 3550 971 3592 meum
986 3531 1025 3592 ad
1040 3533 1071 3590 te
1085 3530 1219 3602 mittam,
1232 3529 1258 3588 ai
1273 3528 1366 3589 modo
1379 3528 1486 3589 licebit

284 3630 426 3691 auferre:
447 3629 590 3689 nondum
607 3629 692 3687 enim
712 3628 804 3705 plane
821 3632 1008 3707 certumque
1025 3627 1160 3706 vigilans
1178 3627 1294 3701 audiui,
1313 3628 1417 3687 ‘Tuus
1437 3629 1486 3687 eet

285 3727 385 3788 liben'
425 3726 506 3787 Mori
521 3726 681 3786 fortunam
696 3728 789 3804 plane
802 3726 1004 3804 deplorarem,
1019 3726 1074 3805 qui
1085 3725 1172 3786 sitin
1183 3723 1289 3785 auam
1303 3728 1483 3802 pertractus,
1499 3734 1530 3783 3⁵

285 3826 318 3886 ni
333 3825 393 3886 sub
407 3824 463 3883 tali
484 3825 567 3903 Rege
585 3828 714 3903 tamque
731 3824 843 3885 multis
864 3825 995 3887 eruditis
1015 3822 1290 3885 contubernalibus
1308 3825 1340 3882 at
1359 3820 1486 3900 collegis

285 3944 349 3986 uon
363 3922 434 3983 aula
448 3924 502 3983 eed
516 3927 649 3999 μουσεῖον
662 3922 764 3984 videri
777 3923 885 4000 possit.
929 3924 991 3985 Sed
1005 3929 1111 3983 tamen
1125 3922 1245 3981 interea
1255 3919 1335 3981 nihil
1344 3919 1486 3982 adfertur

284 4027 314 4081 lx
333 4025 383 4097 τῆς
402 4022 544 4084 Οὒτοπίας
563 4022 646 4098 quod
667 4021 844 4084 rideamus:
872 4026 904 4082 et
926 4022 981 4081 ille
1003 4025 1051 4082 eat
1073 4019 1137 4080 scio
1158 4020 1259 4080 ridere
1277 4018 1370 4079 malit
1388 4040 1484 4097 quam

283 4118 386 4182 curuli
400 4119 548 4180 sublimis
561 4120 645 4179 vehi.
685 4120 813 4181 Budaeo
827 4120 980 4197 proximis
996 4118 1113 4179 litteris
1129 4117 1274 4178 excueaui
1288 4121 1320 4177 te
1333 4118 1388 4195 qui
1403 4116 1483 4177 nihil

281 4218 439 4280 scriberes
1497 4221 1529 4268 ⁴⁰

325 4316 475 4376 Ioannem
497 4335 603 4375 meum
622 4317 656 4376 in
677 4316 828 4392 Angliam
850 4316 987 4390 remitto,
1007 4315 1089 4392 quod
1112 4314 1287 4391 intelligam
1308 4312 1400 4372 illum
1420 4331 1483 4372 non

317 4476 338 4520 7.
357 4460 469 4507 verbum
483 4465 533 4508 MS.
546 4463 629 4520 lviiii:
652 4475 738 4509 vnum
750 4464 798 4510 LB.
929 4473 967 4509 (ο.
988 4458 1060 4507 della
1077 4496 1084 4509 .
1102 4494 1109 4506 .
1131 4495 1137 4507 .
1159 4471 1195 4507 11.
1215 4456 1312 4505 denari
1324 4459 1428 4513 sempsit
1447 4438 1484 4500 δ’

281 4539 353 4586 laroc
367 4522 393 4581 ὃ
407 4552 460 4585 xxx
479 4522 514 4582 110
531 4542 599 4586 MS:
623 4538 652 4586 di
669 4539 761 4588 valore
778 4537 811 4586 de
828 4552 881 4586 xxx
900 4538 984 4599 grossi
1003 4539 1051 4585 ΕΒ.
1164 4549 1204 4596 23.
1228 4538 1299 4583 MS.:
1322 4533 1415 4582 ierunt
1432 4535 1481 4582 LB.

279 4618 319 4663 25
338 4608 409 4652 lisa
428 4604 543 4663 iugulari
559 4609 604 4653 LB.

311 4756 335 4802 6.
354 4752 544 4815 Columellam]
556 4768 580 4812 3.
596 4767 632 4812 13,
646 4772 669 4813 4.
682 4770 706 4812 ⁴·
906 4751 992 4812 liargi,
1006 4750 1066 4797 Jnu.
1084 4750 1152 4810 1516.

343 4817 459 4879 amicus]
473 4818 565 4877 llore;
582 4819 615 4865 cf.
629 4820 677 4879 Ep.
688 4821 745 4880 829.
761 4831 770 4863 1
785 4833 811 4866 n.
936 4831 978 4880 3¹·
996 4812 1157 4876 Pindarum]
1171 4814 1263 4876 hythe
1273 4827 1347 4861 same
1358 4813 1482 4874 printer;

315 4899 350 4945 ¹3·
371 4884 499 4946 irrepere]
518 4885 556 4931 cf.
573 4885 619 4946 Ep.
631 4886 687 4933 816.
700 4898 723 4932 a.
904 4882 937 4931 cl.
951 4882 999 4943 Ep.
1011 4882 1067 4939 642.
1081 4894 1135 4941 511.

310 4966 349 5010 29.
368 4948 479 5011 Caluus]
492 4950 540 4997 See
553 4949 599 5011 Ep.
614 4951 671 5010 581.
684 4965 717 5009 30
727 4965 755 4998 n.
936 4963 977 5009 32.
995 4943 1157 5007 fragmenta]
1170 4942 1330 5007 apparently
1342 4957 1393 4993 ma.

311 5032 351 5076 3ο.
369 5014 556 5077 Theocritum]
580 5015 671 5074 Rome,
689 5015 768 5064 Zsch.
790 5013 851 5063 cal·
937 5028 977 5075 3⁹
995 5010 1117 5075 Budaeo]
1131 5011 1197 5073 Epp.
1208 5012 1263 5072 778.
1273 5023 1346 5072 51-3,
1357 5009 1414 5072 813.
1422 5009 1480 5068 4-6,
