3867 6034
391 722 454 787 580
735 719 928 782 LETTERS
955 718 1011 780 OF
1037 715 1238 778 Erasmus
1522 712 1617 798 [¹5¹⁹

391 877 574 955 decertatur,
590 880 665 940 hinc
684 898 703 940 a
723 878 828 938 Leone
848 877 990 936 Romano
1012 872 1174 947 Pontifice,
1190 873 1269 933 hinc
1293 893 1314 932 a
1334 874 1526 937 Francisco
1540 875 1618 952 Reg-

391 976 565 1053 Gallorum,
580 977 657 1038 hinc
673 996 693 1037 a
705 974 815 1039 carolo
833 975 918 1052 Rege
930 972 1100 1048 Catholioo,
1116 971 1192 1032 hinc
1203 991 1224 1032 a
1237 970 1280 1031 N.
1296 972 1526 1036 serenissimo
1542 974 1618 1053 Rege

391 1074 563 1150 Scotorum,
579 1078 634 1136 tua
646 1078 754 1135 tamen
767 1072 914 1133 maiestas
932 1090 1002 1132 mea
1020 1070 1178 1130 sententia
1190 1067 1242 1130 vel
1255 1068 1321 1130 hoc
1339 1071 1495 1132 nomine
1508 1071 1619 1149 praeci·

347 1192 486 1252 gapuam
509 1172 605 1236 huius
628 1172 744 1251 gloriae
767 1174 889 1249 partem
912 1173 1059 1242 meretur,
1086 1167 1175 1229 cuius
1201 1167 1425 1245 potissimum
1456 1170 1616 1249 auspiciis

390 1270 528 1347 hortatu,
543 1271 772 1349 prudentiaque
785 1268 949 1347 negocium
963 1267 1023 1327 hoc
1037 1268 1071 1326 et
1083 1267 1263 1343 susceptum
1283 1267 1336 1326 est
1351 1270 1390 1327 et
1405 1270 1616 1347 temperatur.

390 1369 472 1433 uum
491 1368 579 1431 enim
599 1370 759 1430 Romame
779 1366 934 1441 Pontifex,
951 1365 1038 1443 pacis
1057 1362 1173 1442 alioqui
1194 1363 1451 1442 cupidissimus,
1469 1367 1514 1428 de
1535 1367 1617 1445 quin·

391 1468 568 1548 quennibus
593 1487 703 1545 regum
731 1465 851 1543 aliquot
881 1462 1018 1524 induciis
1042 1463 1194 1523 dantum
1218 1466 1340 1539 ageret,
1370 1467 1436 1525 tua
1463 1465 1619 1527 celsitudo

390 1585 507 1645 pacem,
524 1567 559 1627 vt
572 1585 643 1644 spes
656 1566 712 1638 est,
727 1565 886 1625 aeternam
900 1561 985 1622 inter
1002 1562 1066 1623 tam
1086 1560 1203 1621 multoe
1221 1558 1394 1639 principes
1409 1563 1522 1626 totius
1536 1563 1617 1625 orbis

347 1685 377 1737 ³5
390 1662 627 1744 potentissimos
650 1661 837 1725 arctissimis
870 1659 1049 1720 foederibus
1085 1657 1277 1719 conciliauit.
1323 1659 1355 1719 Ο
1390 1666 1517 1737 peetus
1549 1679 1615 1722 vere

390 1761 556 1839 regiumo
580 1764 721 1822 mentem
748 1758 903 1820 excelsam
930 1760 962 1818 et
984 1755 1165 1818 Christiano
1185 1756 1365 1818 monarcha
1392 1779 1477 1821 cum
1505 1757 1613 1839 primis

391 1859 538 1937 dignam!
580 1858 662 1919 (lum
677 1877 770 1918 nemo
784 1877 894 1935 regum
908 1855 1009 1933 magis
1022 1854 1170 1915 omnibus
1184 1854 1356 1932 praesidiis
1372 1856 1563 1919 instructus
1576 1857 1612 1917 ait

391 1957 430 2018 ad
450 1958 580 2029 bellum,
595 1960 702 2017 tamen
722 1975 816 2017 omne
836 1954 978 2015 studium
999 1971 1169 2029 omnesque
1182 1951 1265 2011 vires
1287 1954 1424 2014 confers
1445 1956 1490 2015 ad
1508 1976 1608 2034 pacem

391 2055 477 2116 orbis
490 2055 681 2115 sarciendam
693 2076 701 2129 ;
722 2055 892 2132 prudenter
901 2051 1091 2130 perspiciens
1104 2049 1187 2110 nihil
1200 2069 1267 2111 esse
1279 2050 1508 2127 perniciosius
1521 2073 1608 2132 quem

346 2175 379 2226 4ο
391 2153 588 2214 Christianos
601 2153 732 2230 populos
745 2152 868 2213 mutuis
885 2149 1062 2212 latrociniis
1079 2168 1114 2210 ac
1134 2148 1227 2209 bellis
1246 2148 1331 2208 inter
1348 2169 1424 2210 sese
1438 2154 1605 2225 committi,

390 2271 449 2313 nec
461 2251 526 2312 vlla
546 2272 580 2312 re
599 2254 725 2328 gentem
746 2248 967 2312 christicolam
988 2266 1083 2326 aeque
1105 2245 1340 2307 formidabilem
1364 2250 1463 2311 reddi
1489 2255 1605 2312 nostrae

390 2340 553 2428 religionis
567 2349 713 2411 hostibus
726 2351 820 2427 atque
830 2346 1010 2426 principum
1023 2366 1058 2406 ao
1071 2344 1259 2424 populorum
1272 2347 1463 2410 concordia.

431 2447 531 2509 Istam
541 2468 615 2509 vero
628 2450 768 2509 mentem
778 2446 837 2507 tibi
851 2463 1046 2523 nequequam
1060 2463 1116 2521 pro
1129 2445 1269 2520 tempore
1282 2447 1457 2522 sumptam
1472 2468 1542 2508 esse
1556 2446 1605 2507 sed

390 2531 519 2624 prorsus
538 2545 669 2608 insitam
689 2550 808 2619 natura,
830 2544 881 2605 rel
902 2542 982 2603 illud
1003 2544 1053 2603 sat
1070 2540 1247 2619 argumenti
1269 2544 1326 2615 est,
1351 2544 1443 2620 quod
1468 2546 1506 2605 in
1529 2544 1603 2605 bello

345 2663 377 2714 46
391 2642 520 2718 Gallico,
537 2643 622 2720 quod
641 2646 678 2703 vt
696 2643 827 2715 inuitus,
842 2642 888 2702 ita
904 2661 961 2720 pro
980 2640 1095 2718 pietate
1114 2638 1290 2699 Christiana
1309 2657 1512 2719 susceperas,
1531 2644 1604 2704 adeo

390 2738 526 2800 ciuiliter
548 2739 684 2818 adeoque
705 2740 876 2801 clementer
896 2742 928 2800 te
949 2738 1081 2817 gesseris
1094 2739 1131 2798 vt
1151 2736 1228 2797 satis
1249 2736 1389 2813 liqueret
1411 2739 1476 2801 tibi
1498 2761 1600 2819 pacem

389 2837 491 2915 magis
504 2856 572 2898 esse
586 2839 678 2913 cordi,
696 2838 758 2898 nisi
773 2840 804 2897 te
818 2836 917 2899 totius
930 2836 1017 2897 orbis
1031 2834 1249 2911 Ecclesiaeque
1264 2834 1475 2899 Christianae
1491 2840 1601 2917 pericu·

388 2926 458 2996 lum
478 2934 517 2995 ad
537 2953 625 2997 arma
638 2938 779 2997 vocasset
800 2938 863 3010 aut,
880 2940 916 2996 vt
937 2934 1053 2995 melius
1071 2934 1182 3007 dicam,
1198 2932 1415 3009 compulisset.
1466 2937 1533 2998 Nec
1554 2938 1599 2998 bis

388 3034 563 3108 contentus,
574 3053 682 3111 pacem
697 3038 753 3094 tua
766 3033 936 3111 prudentia
949 3036 1065 3111 tuaque
1078 3031 1243 3092 autoritate
1254 3034 1378 3107 partam
1395 3035 1468 3094 suis
1481 3035 1596 3096 artibus

345 3154 378 3206 5⁰
390 3151 499 3194 ornare
509 3133 625 3207 studes,
642 3132 747 3193 nevel
762 3133 915 3193 inereaut
930 3130 1033 3192 ociosa
1046 3130 1192 3192 videatur
1204 3128 1255 3189 vel
1272 3128 1370 3188 luxus
1385 3150 1421 3189 ac
1442 3133 1595 3194 malarum

389 3229 589 3310 voluptatum
608 3230 767 3307 magistra.
810 3228 999 3303 Latrocinia,
1021 3247 1039 3287 a
1059 3227 1173 3306 quibus
1191 3226 1272 3286 nihil
1291 3226 1453 3289 hactenus
1469 3250 1594 3309 usquam

388 3331 496 3390 tutum
509 3331 576 3390 erat
594 3328 629 3388 in
649 3328 775 3406 Anglia,
793 3328 873 3387 mira
894 3327 1062 3387 seueritate
1076 3325 1252 3402 compescis,
1271 3329 1424 3387 nocentes
1439 3330 1593 3407 profligas,

388 3427 499 3488 ociosis
512 3426 676 3488 erronibus
690 3427 844 3487 ditionem
855 3428 944 3486 tuam
958 3424 1082 3499 liberae,
1098 3423 1191 3484 bonis
1204 3423 1325 3500 legibus
1339 3423 1492 3502 vigorem
1507 3448 1591 3489 suum

388 3544 522 3599 rencone,
538 3524 670 3585 inutiles
683 3524 778 3597 tollis,
788 3525 939 3585 salutares
948 3522 1072 3584 sufficis
1097 3521 1295 3599 Optimamm
1309 3520 1483 3586 literarum
1497 3526 1592 3587 studia

344 3646 375 3698 55
387 3623 552 3703 prouehis;
572 3622 701 3699 pietatis
715 3622 915 3700 disciplinam
929 3641 1001 3683 oum
1016 3620 1099 3701 apud
1119 3639 1229 3680 omnes
1248 3624 1318 3679 tum
1332 3640 1411 3681 vero
1431 3624 1589 3702 praecipue

387 3720 471 3797 apud
484 3719 654 3780 monachos
667 3739 702 3781 ac
716 3719 844 3781 clericos
857 3720 1021 3795 instauras,
1032 3718 1115 3779 haud
1130 3718 1257 3795 ignarus
1270 3716 1310 3776 ab
1323 3717 1377 3777 his
1390 3721 1587 3797 potissimum

387 3836 515 3877 manare
528 3818 564 3877 in
577 3816 701 3895 plebem
715 3838 841 3879 morum
850 3817 901 3879 vel
913 3816 1127 3894 integritatem
1135 3817 1187 3877 vel
1197 3816 1426 3895 corruptelam:
1449 3819 1586 3880 videlicet

387 3912 491 3974 modis
508 3915 655 3976 omnibus
673 3914 732 3974 hoc
750 3935 854 3992 agens,
869 3917 905 3976 vt
926 3914 977 3974 hie
998 3914 1180 3991 praecipuus
1200 3913 1242 3973 eit
1263 3913 1364 3974 honos
1378 3916 1436 3992 qui
1457 3917 1586 3978 maxime

387 4010 589 4089 praecellunt,
605 4012 656 4073 vel
678 4012 859 4091 integritate
879 4033 1005 4073 morum
1019 4012 1069 4074 vel
1089 4012 1205 4072 eximia
1225 4011 1368 4071 doctrina
1382 4014 1445 4089 vel,
1462 4016 1542 4094 quod
1555 4017 1584 4073 vt

452 4161 492 4219 36.
509 4162 587 4207 etF:
604 4163 660 4208 oB.
770 4174 811 4219 4²·
825 4162 957 4221 atqueF':
975 4173 1057 4221 quam
1071 4162 1098 4209 Ε.
1206 4174 1247 4221 52.
1266 4160 1295 4207 in
1307 4159 1525 4221 Angliaoddli.

420 4292 460 4340 28.
480 4290 525 4356 N.]
537 4290 608 4339 'I'hat
619 4290 747 4340 Erasmus
759 4307 814 4341 was
824 4294 962 4342 unableto
1012 4292 1088 4353 guise
1111 4291 1140 4339 os
1161 4308 1177 4339 a
1197 4291 1271 4353 Holy
1295 4291 1408 4354 Ieague,
1427 4293 1484 4344 had
1510 4294 1583 4352 really

385 4358 565 4419 giveame
581 4356 713 4405 thames
724 4370 750 4418 v,
765 4362 885 4421 suggests
901 4360 962 4408 that
1013 4358 1082 4405 been
1106 4356 1227 4407 dictated
1256 4358 1292 4419 by
1326 4358 1452 4409 national
1487 4361 1583 4423 polion

384 4422 458 4472 since
474 4422 522 4472 the
539 4422 621 4472 death
635 4422 666 4471 ot
679 4423 833 4473 Alexander
846 4424 963 4473 Stenas-t
1012 4437 1055 4471 see
1076 4423 1187 4471 Brewer
1204 4423 1222 4472 i.
1241 4437 1285 4485 pp.
1306 4422 1424 4490 xliii-lv,
1445 4426 1582 4490 Grsighton

386 4489 415 4535 at
430 4487 550 4537 Flodden
567 4488 626 4549 (Ep.
641 4489 697 4548 ⁶04
713 4488 776 4551 an.)
789 4490 822 4537 he
839 4489 893 4538 had
910 4489 962 4538 lost
1012 4489 1048 4538 iv.
1075 4488 1129 4548 183.
1173 4488 1228 4537 But
1248 4487 1326 4537 (tolet
1347 4487 1404 4538 had
1426 4492 1509 4553 given
1531 4492 1582 4539 ita

384 4553 466 4601 touch
479 4553 548 4602 with
559 4554 679 4603 Scottish
689 4553 788 4603 affairs.
1011 4552 1146 4616 grudging
1162 4553 1289 4616 approval
1305 4553 1405 4617 (hond.
1421 4570 1468 4607 xv.
1483 4572 1520 4619 14,
1537 4554 1581 4605 Β.

417 4632 457 4679 ³4·
476 4618 579 4682 pacem]
589 4619 631 4681 By
640 4619 687 4668 the
696 4620 792 4681 'Iheaty
801 4620 832 4669 ot
837 4620 960 4681 London,
1011 4632 1068 4682 435,
1087 4620 1229 4683 4⁶11-a);
1255 4618 1309 4667 and
1330 4618 1472 4687 Erasmus,
1490 4620 1580 4684 though

385 4683 442 4733 oea
459 4684 592 4745 1518‚the
605 4687 679 4733 truce
687 4686 817 4748 proposed
826 4686 923 4747 byLeo
932 4700 962 4735 as
1011 4700 1047 4734 an
1058 4685 1212 4733 enthusiast
1223 4685 1265 4733 for
1275 4698 1364 4748 peace,
1374 4700 1432 4737 voss
1442 4688 1550 4751 willing
1558 4689 1581 4734 to

384 4747 793 4811 prelimimrytothecrussde
808 4765 864 4799 was
875 4754 960 4801 trans·
1011 4750 1419 4813 regarditinthesamelight.
1454 4755 1510 4805 His
1520 4767 1579 4804 com·

384 4813 488 4863 formed
511 4815 572 4864 into
594 4830 610 4864 a
629 4817 765 4865 universal
793 4832 890 4879 peaoe;
916 4832 960 4866 see
1011 4816 1168 4865 mendation
1189 4816 1220 4865 of
1234 4815 1355 4877 Henry’s
1372 4818 1543 4870 moderation
1556 4820 1579 4866 in

384 4878 530 4941 Creighton
543 4882 579 4930 ia
587 4894 644 4942 051,
657 4895 713 4944 253.
1010 4881 1059 4930 the
1071 4882 1228 4931 conductos
1238 4880 1286 4930 the
1298 4881 1579 4936 wariscorroborated

414 4959 455 5004 44.
472 4945 543 4995 bello
562 4946 679 5010 Gallico]
700 4948 756 4996 'l'he
784 4948 908 4997 invasion
933 4950 963 4998 of
1009 4948 1045 5011 by
1064 4947 1195 5010 Polydore
1207 4946 1306 5009 Vergil,
1329 4952 1579 5014 Aaqt.ffist.,1555,

382 5008 539 5059 ancwin
563 5025 635 5074 1513,
664 5012 767 5075 though
796 5014 883 5063 under
911 5014 959 5064 the
1008 5016 1091 5077 xxvii,
1105 5029 1132 5077 p.
1143 5017 1201 5077 ⁶39.
1214 5028 1291 5075 3-17.
