3867 6034
483 694 545 757 210
833 697 1024 762 LETTERS
1052 698 1106 760 OF
1134 696 1336 759 ERASMUS
1588 691 1687 777 [¹5¹3

525 849 635 910 Primo
654 856 760 912 autem
780 854 934 930 omnium,
951 857 987 916 vt
1005 854 1080 914 hinc
1099 853 1248 927 exordiar,
1264 854 1372 930 plures
1392 851 1521 912 moleste
1536 851 1644 911 ferunt
1658 852 1691 908 te

484 948 518 1007 in
539 949 795 1011 adnotationibus
817 950 970 1012 Matthaei
991 952 1090 1030 capite
1110 952 1134 1011 ii
1154 952 1199 1011 sic
1220 950 1397 1027 scripsisse:
1422 950 1506 1010 ‘siue
1522 948 1606 1027 quod
1629 946 1690 1024 ipsi

483 1045 704 1123 Euangelistae
723 1050 905 1109 testimonia
924 1049 1106 1110 huiusmodi
1128 1069 1193 1109 non
1211 1069 1228 1109 e
1247 1048 1339 1108 libris
1357 1046 1616 1125 deprompserint,
1634 1047 1688 1106 sed

483 1145 651 1206 memoriae
667 1145 808 1221 fidentes,
824 1148 870 1209 ita
890 1151 926 1209 vt
945 1148 991 1224 fit,
1006 1148 1087 1226 lapsi
1108 1148 1192 1208 sint'
1232 1147 1310 1209 Istis
1330 1146 1416 1206 enim
1435 1147 1538 1207 verbis
1558 1145 1692 1205 innuere

436 1253 470 1303 40
482 1240 600 1303 videris
624 1244 842 1323 Euangelistas
865 1266 954 1307 more
979 1247 1119 1307 humano
1145 1245 1324 1323 scripsisse;
1357 1249 1388 1306 et
1413 1246 1496 1322 quod
1521 1244 1691 1305 memoriae

483 1338 592 1399 confisi
610 1340 686 1401 haec
705 1342 896 1421 scripserint,
912 1343 994 1421 quod
1013 1342 1112 1405 libros
1124 1343 1231 1404 videre
1246 1342 1449 1420 neglexerint,
1464 1342 1546 1420 quod
1561 1341 1614 1415 ita,
1631 1341 1690 1401 hoc

480 1440 531 1497 est
542 1437 893 1520 obeamcausam,lapsi
901 1443 976 1504 sint.
1010 1441 1316 1515 Audimillrasme;
1330 1439 1690 1502 arbitrarisneOhristia·

482 1554 562 1594 num
580 1537 736 1612 patienter
752 1537 892 1600 laturum
911 1539 1132 1617 Euangelistas
1153 1539 1187 1599 in
1207 1538 1392 1617 Euangeliis
1411 1538 1540 1615 lapsos?
1581 1538 1617 1599 Si
1637 1538 1690 1598 hic

481 1632 606 1694 vacillat
628 1654 730 1697 sacrae
753 1636 933 1713 Scripturas
958 1637 1118 1712 autoritas,
1143 1657 1222 1715 quae
1244 1656 1317 1714 pars
1338 1637 1403 1697 alia
1423 1638 1492 1697 sine
1515 1636 1690 1714 suspitione

432 1745 468 1794 45
481 1731 596 1791 erroris
622 1732 706 1793 erit?
740 1736 776 1794 vt
803 1734 1015 1811 pulcherrimo
1042 1737 1230 1813 argumento
1258 1736 1297 1794 A.
1327 1734 1529 1811 Augustinus
1555 1734 1688 1811 colligit.

482 1829 580 1889 Porro
598 1829 782 1891 ‘Memoriae
799 1831 950 1893 fidentes'
965 1833 1051 1907 dicis,
1068 1834 1158 1911 quasi
1174 1833 1263 1911 prius
1280 1832 1362 1891 lecta
1379 1835 1411 1892 et
1429 1832 1502 1892 sinu
1520 1832 1690 1892 memoriae

482 1926 642 1987 recondita
662 1929 921 2007 conscripserint:
952 1930 1066 2008 quibus
1086 1932 1292 2007 praeceptum
1311 1930 1374 1989 fuit
1394 1932 1430 1990 vt
1452 1949 1491 1990 ne
1512 1930 1690 2007 cogitarent

481 2023 609 2101 quidem
623 2026 698 2102 quid
712 2030 786 2086 ante
800 2047 888 2105 reges
900 2030 932 2088 et
945 2028 1104 2106 praesides
1117 2026 1329 2103 loquerentur,
1345 2027 1398 2086 sed
1413 2047 1432 2087 a
1445 2027 1564 2104 Spiritu
1579 2030 1689 2088 sancto

481 2141 608 2182 omnem
619 2123 807 2185 docerentur
817 2125 991 2187 veritatem.
1026 2126 1067 2186 Et
1081 2124 1292 2185 ‘Testimonia
1305 2124 1504 2184 huiusmodi'
1515 2124 1593 2185 dicis
1606 2128 1688 2184 ‘non

432 2236 469 2283 50
481 2239 499 2279 e
509 2218 598 2281 libris
609 2220 859 2300 deprompserint
869 2223 885 2296 ⁹,
898 2226 987 2302 quasi
997 2242 1084 2283 more
1098 2226 1207 2284 nostro
1216 2242 1255 2283 ex
1265 2223 1361 2282 variis
1371 2223 1461 2283 libris
1471 2227 1503 2283 et
1513 2221 1685 2296 autoribus,

482 2320 518 2379 vt
539 2321 588 2378 est
609 2338 694 2381 nunc
716 2320 950 2381 condendorum
974 2321 1129 2382 librorum
1153 2320 1274 2395 modus,
1297 2321 1446 2380 volumen
1468 2320 1688 2398 congesserint.

482 2415 580 2476 Absit
602 2416 661 2477 hoc
681 2439 700 2478 a
723 2418 859 2495 Spiritus
886 2419 988 2480 sancti
1012 2423 1044 2480 et
1066 2419 1140 2480 Iesu
1163 2418 1328 2479 saluatoris
1353 2419 1454 2479 nostri
1475 2417 1647 2494 discipulis,
1671 2439 1690 2477 a

481 2512 558 2572 fidei
581 2518 704 2575 nostrae
727 2516 885 2578 columnis
909 2537 976 2578 non
998 2518 1137 2579 humana
1162 2516 1315 2592 sapientia
1339 2515 1502 2588 institutis,
1526 2516 1688 2593 suspicari.

482 2612 668 2690 Assumpsit
694 2614 861 2675 illiteratos
888 2619 920 2675 et
948 2614 1210 2693 anulphabeticos,
1239 2615 1292 2674 sed
1322 2614 1519 2675 doctissimos
1544 2613 1688 2674 reddidit.

436 2726 471 2775 ⁵55
484 2709 590 2769 Tuum
608 2711 675 2783 erit,
692 2712 891 2773 ornatissime
908 2714 1045 2785 Erasme,
1065 2713 1100 2772 in
1119 2712 1205 2773 hisce
1225 2731 1334 2772 sanam
1354 2713 1472 2788 aperire
1490 2711 1686 2772 sententiam.

485 2807 591 2881 Parce,
605 2826 722 2884 precor,
738 2812 805 2869 tam
820 2810 903 2870 bono
916 2812 1024 2871 animo
1038 2814 1165 2888 tamque
1181 2811 1302 2871 fauenti
1323 2813 1354 2870 te
1373 2829 1444 2870 cum
1459 2809 1643 2870 humilitate
1658 2812 1690 2869 et

480 2905 574 2966 omni
587 2906 740 2966 modestia
753 2908 904 2969 monenti.

524 3003 577 3063 Ad
605 3002 689 3063 aliud
718 3006 930 3067 ascendamus
974 3009 1054 3067 Acta
1077 3004 1305 3083 Apostolorum
1333 3005 1546 3066 elucidaturus
1573 3025 1639 3083 cap.
1667 3027 1688 3066 x

481 3100 641 3162 adnotasti
659 3101 735 3162 haec
748 3105 861 3165 verba:
885 3105 1022 3165 ‘Temen
1041 3104 1137 3165 etiam
1157 3123 1229 3163 cum
1245 3104 1361 3164 Graece
1377 3103 1519 3163 scribunt
1531 3105 1689 3181 Apostoli.

433 3198 623 3261 demultum
650 3200 789 3261 referunt
817 3222 856 3261 ex
882 3205 1072 3281 proprietate
1099 3202 1226 3279 linguae
1253 3202 1346 3262 suae!
1389 3201 1432 3261 Et
1455 3202 1555 3262 infra:
1588 3201 1687 3263 ‘Nam

483 3297 628 3375 Apostoli
651 3298 860 3360 Graecitatem
882 3320 973 3362 susm
997 3321 1062 3361 non
1087 3321 1104 3361 e
1129 3298 1354 3360 Demosthenis
1376 3298 1569 3358 orationibus
1592 3300 1648 3360 sed
1672 3322 1690 3359 e

483 3396 571 3472 vulgi
585 3396 735 3474 colloquio
746 3396 943 3461 didicerunt'
978 3398 1048 3459 Hoc
1062 3400 1169 3459 minus
1183 3398 1287 3459 sobrie
1296 3418 1315 3456 a
1325 3401 1356 3457 te
1367 3396 1495 3456 homine
1507 3396 1690 3458 Christiano

482 3495 549 3555 iore
562 3494 715 3572 scriptum
725 3493 865 3573 plerique
879 3497 1165 3573 opinantur—cum
1175 3495 1269 3554 venia
1284 3498 1347 3563 tua,
1364 3494 1411 3553 mi
1422 3494 1551 3554 Erasme
1563 3515 1571 3568 ;
1593 3494 1689 3555 homo

483 3611 555 3652 sum
568 3595 702 3670 apertus,
718 3592 799 3653 nihil
813 3593 964 3655 blandior.
1000 3594 1077 3669 Quis
1090 3594 1178 3655 enim
1188 3592 1386 3655 Christianus
1400 3591 1523 3667 ignorat
1536 3591 1588 3652 vel
1602 3592 1689 3672 igno·

439 3691 470 3754 ⁶5
484 3709 551 3750 rare
565 3692 677 3767 potest,
694 3689 837 3765 sivellet,
853 3691 1023 3769 Apostolos
1037 3692 1119 3752 dono
1133 3690 1270 3769 Spiritus
1289 3688 1391 3749 sancti
1404 3690 1492 3749 varia
1505 3689 1689 3767 linguarum

485 3807 599 3866 genera
619 3789 769 3848 nouisse?
809 3791 945 3867 Accepta
967 3791 1054 3851 enim
1080 3792 1115 3850 in
1137 3789 1187 3849 die
1209 3788 1409 3849 Pentecostes
1430 3788 1567 3864 Spiritus
1587 3792 1690 3851 sancti

486 3885 592 3962 gratia,
609 3885 865 3963 colloquebantur
883 3889 1029 3967 Apostoli
1048 3886 1141 3948 variis
1162 3886 1281 3964 linguis
1301 3885 1457 3963 magnalia
1474 3886 1541 3947 Dei.
1587 3887 1689 3962 Quare

485 4002 550 4042 non
570 4001 589 4043 s
611 3983 738 4044 Graecis
757 3984 811 4044 sed
831 4004 850 4044 a
871 3984 991 4063 Spiritu
1011 3989 1118 4047 sancto
1138 3985 1345 4046 Graecitatem
1367 3983 1562 4058 didicerunt;
1583 3988 1621 4045 vt
1642 3987 1689 4047 eis

488 4078 605 4154 Graeci,
620 4079 787 4157 Rhomani,
803 4083 959 4161 Aegyptii,
975 4083 1086 4144 Parthi
1103 4086 1135 4144 et
1154 4082 1217 4155 alii,
1232 4085 1372 4143 Actuum
1388 4081 1536 4156 secundo,
1551 4083 1689 4144 testimo·

436 4194 474 4245 370
488 4178 578 4238 nium
601 4177 719 4238 dedere.
763 4178 892 4241 Donum
916 4181 1004 4241 enim
1026 4181 1208 4257 linguarum
1232 4182 1316 4240 inter
1340 4179 1403 4239 alia
1427 4199 1549 4257 quoque
1573 4200 1592 4239 a
1614 4182 1689 4241 diuo

487 4275 587 4336 Paulo
607 4278 855 4337 connumeratur.

529 4373 681 4433 Eiusdem
702 4373 818 4434 farinae
838 4377 887 4435 est
905 4376 988 4452 quod
1006 4395 1069 4453 cap.
1086 4396 1102 4450 3
1122 4375 1272 4436 Matthaei
1291 4374 1326 4433 in
1346 4374 1605 4435 annotationibus
1624 4376 1690 4435 tuis

488 4568 563 4667 1:4²1}
580 4554 686 4601 sintD:
704 4555 857 4602 sunthnd.
972 4568 1011 4614 59.
1028 4552 1128 4601 Tamen
1141 4556 1233 4614 scripsi,
1246 4556 1375 4600 anundum
1386 4556 1492 4600 Annon:
1509 4553 1577 4601 Tum
1589 4557 1619 4601 D.
1654 4558 1686 4611 ss.

509 4636 533 4678 Ρ·
563 4633 656 4679 44·94·
1203 4652 1213 4661 ‘⁴

525 4797 566 4842 37.
584 4778 820 4844 adnotationibus]
831 4794 856 4842 p.
870 4793 926 4840 239.
1148 4779 1188 4839 ⁶7·
1207 4777 1344 4839 magnalia
1354 4775 1417 4840 Dei]
1429 4778 1495 4826 Acts
1507 4792 1530 4826 a.
1545 4792 1581 4826 11.

526 4861 566 4907 45.
584 4847 754 4908 Augustinus
778 4846 876 4906 Enati,
889 4859 983 4906 capg.
1151 4856 1191 4903 71.
1210 4842 1508 4906 Paulo]1Gor.12.ro.

526 4927 566 4971 47.
585 4915 755 4973 praeceptum
783 4911 860 4959 Matt.
876 4926 912 4959 ro.
927 4910 1013 4957 idac.
1151 4923 1190 4968 72.
1209 4908 1444 4972 annotationibus]
1454 4922 1535 4970 p.245
1546 4926 1553 4971 ;
1565 4924 1600 4956 on
1611 4909 1691 4959 atati.

521 4990 566 5037 ⁴59.
584 4976 735 5040 adnotasti]
743 4991 770 5039 p.
785 4976 842 5039 387.
1117 4992 1140 5036 4.
1152 4988 1191 5033 23.
