3867 6034
389 714 449 774 512
734 715 924 776 narrans
952 715 1006 776 os
1034 710 1232 774 asienus
1489 679 1599 793 [1519

388 870 560 948 prudentis,
573 873 730 949 postremo
743 870 855 943 amici;
874 872 906 930 et
915 868 1010 930 amici
1023 867 1078 946 qni
1093 867 1154 929 sibi
1166 866 1392 928 moderationis
1402 886 1441 927 ac
1456 866 1599 928 lenitatis

345 992 375 1041 ⁵⁵
388 968 513 1029 laudem
526 968 673 1043 vindicet,
690 969 771 1029 mihi
784 969 902 1028 crimen
916 967 1096 1028 iracundiae
1108 966 1297 1044 impingens.

431 1065 492 1127 Sed
514 1067 552 1127 de
572 1066 706 1144 epistola
724 1070 865 1127 vestrum
885 1064 1052 1126 arbitrium
1073 1066 1159 1124 esto:
1185 1066 1267 1125 certe
1288 1063 1371 1141 quod
1391 1063 1433 1124 ad
1451 1063 1598 1124 animum

390 1183 498 1224 meum
511 1164 634 1239 attinet,
652 1164 705 1224 vix
719 1165 801 1241 apud
816 1163 924 1224 Gallos
940 1183 1009 1223 esse
1026 1164 1101 1239 puto
1116 1161 1172 1239 qui
1185 1162 1224 1221 de
1237 1161 1364 1222 Budaeo
1378 1164 1438 1223 aut
1452 1162 1593 1223 sentiant

389 1264 640 1340 magnificentius
653 1266 708 1323 aut
721 1262 900 1341 praedicent
910 1261 1170 1323 honorificentius
1179 1281 1276 1339 quam
1289 1261 1457 1321 Erasmus.
1491 1261 1597 1323 Huius

390 1361 436 1422 rei
460 1364 555 1423 testes
578 1364 670 1423 erunt
695 1362 853 1424 Henricus
877 1363 1059 1435 Glareanus,
1087 1361 1267 1423 Gulielmus
1291 1360 1447 1436 Neaenus,
1475 1363 1594 1423 Beatus

345 1468 378 1519 60
389 1460 571 1536 Rhenanus,
586 1462 669 1539 apud
687 1480 766 1538 quos
783 1459 908 1522 effutire
925 1460 1009 1521 soleo
1025 1460 1172 1539 quicquid
1190 1462 1273 1520 esset
1288 1460 1324 1519 in
1342 1460 1464 1522 animo.
1510 1462 1596 1522 Bene

389 1560 468 1635 vale,
484 1560 654 1621 clarissime
669 1561 779 1622 Rusee.
1061 1581 1065 1588 ’

429 1656 614 1719 Mechliniee
630 1660 754 1736 raptim.
778 1667 892 1723 txvrn.
908 1657 973 1719 cal.
990 1657 1092 1735 April.
1116 1659 1364 1717 Annonam.

673 1872 777 1955 9²9o⁵4
820 1869 919 1934 Fnon
941 1869 1106 1933 Wrnnmn
1130 1867 1307 1932 Bressos.

425 1988 549 2059 Farrago
560 2006 587 2059 p.
601 2004 644 2056 41.
1369 1988 1462 2047 Paris.

424 2077 455 2131 F.
469 2093 496 2146 p.
510 2091 580 2131 202:
599 2069 668 2133 HN:
686 2076 774 2132 Lond.
787 2075 829 2131 iii.
842 2078 893 2132 60:
912 2075 967 2131 LB.
982 2091 1041 2147 395.
1275 2090 1309 2145 19
1321 2074 1423 2131 March
1440 2075 1562 2151 (1519).

698 2198 763 2263 [Fcr
773 2196 821 2246 the
833 2197 972 2259 year-date
982 2212 1025 2246 see
1037 2198 1085 2260 Ep.
1100 2213 1149 2261 924
1162 2195 1280 2261 introd]

781 2347 937 2394 BVDAEVS
958 2345 1096 2394 ERASMO
1116 2345 1141 2393 S.
1158 2345 1191 2391 D.

429 2466 685 2528 Nvorvsrsnrrve
719 2469 800 2544 apud
833 2469 1027 2546 Stephanum
1063 2466 1283 2540 poncherium,
1317 2467 1592 2548 archiepiscopum

389 2564 602 2625 Senonensem
619 2586 720 2643 nuper
733 2566 860 2640 factum,
877 2585 1010 2645 pransus
1029 2585 1108 2626 sum.
1152 2566 1231 2627 Post
1243 2565 1414 2643 prandium
1429 2566 1470 2627 de
1485 2571 1519 2627 te
1534 2569 1593 2629 fuit

388 2683 498 2724 sermo.
542 2665 652 2725 Petere
672 2665 712 2724 ab
733 2685 770 2726 eo
791 2666 878 2743 coepi
898 2686 939 2734 an
958 2666 998 2726 ed
1019 2669 1049 2726 te
1071 2665 1263 2742 scripshset3
1286 2664 1425 2743 negauit,
1447 2666 1506 2727 sed
1528 2688 1593 2729 sese

388 2763 476 2823 breui
496 2762 687 2839 scripturum
709 2764 883 2826 affirmauit.
928 2765 1018 2826 Certe
1035 2768 1107 2841 post
1123 2764 1201 2824 duos
1215 2781 1339 2823 menses
1352 2762 1408 2822 vix
1424 2763 1455 2824 ei
1468 2767 1592 2827 vacauit

361 2885 375 2934 5
388 2860 448 2920 tibi
467 2863 498 2920 et
516 2859 598 2920 mihi
616 2880 742 2938 operam
758 2861 839 2936 dare,
855 2881 926 2922 cum
943 2862 1069 2939 propter
1084 2859 1208 2938 publica
1221 2864 1252 2920 et
1266 2860 1360 2937 regia,
1375 2862 1449 2921 tum
1463 2867 1592 2941 propter

387 2961 510 3036 priuata
533 2964 565 3020 et
586 2961 711 3037 propria
731 2961 869 3039 negocia.
910 2960 993 3037 Quid
1013 2961 1052 3020 ad
1074 2962 1105 3020 te
1124 2961 1299 3036 scripturus
1319 2960 1362 3018 sit
1382 2961 1528 3040 quidque
1548 2963 1592 3023 tui

389 3058 509 3136 negocii
521 3059 629 3136 egerit,
642 3059 785 3120 nondum
795 3060 888 3137 plane
898 3061 979 3120 scio:
993 3061 1024 3119 et
1034 3059 1118 3119 melo
1132 3062 1163 3119 te
1178 3059 1284 3120 omnia
1296 3079 1335 3119 ex
1348 3079 1384 3119 eo
1397 3060 1482 3120 scire
1497 3081 1589 3140 quam

387 3177 425 3217 ex
446 3176 506 3229 me,
530 3157 584 3234 qui
604 3176 693 3218 rarus
713 3157 775 3218 sim
795 3159 876 3234 apud
898 3177 981 3217 eum.
1025 3156 1167 3217 Sermoni
1191 3159 1299 3218 nostro
1323 3156 1418 3217 affuit
1444 3158 1591 3219 Nicolaus

388 3254 553 3329 Beraldus,
566 3254 661 3315 homo
674 3259 806 3333 viraque
820 3257 928 3333 lingua
941 3256 1051 3316 doctus
1068 3258 1099 3315 et
1117 3254 1176 3315 tibi
1194 3255 1320 3328 amicus,
1336 3255 1584 3335 Archiepiscopo

345 3380 376 3415 ιο
387 3353 451 3414 iam
464 3353 556 3414 valde
573 3353 754 3418 familiaris:
774 3354 828 3431 qui
847 3373 919 3414 curn
937 3354 1027 3413 eoin
1046 3352 1281 3414 Narbonensem
1299 3353 1503 3430 prouinciam
1522 3375 1589 3433 pro

387 3450 525 3511 fecturus
537 3453 585 3510 est
595 3451 654 3511 hoc
668 3451 770 3511 triduo
782 3473 789 3525 ;
810 3471 928 3529 egoque
942 3452 977 3511 in
990 3472 1027 3511 eo
1041 3450 1190 3512 comitatu
1202 3472 1265 3527 ero,
1278 3450 1341 3510 nisi
1351 3450 1428 3528 quid
1442 3453 1530 3513 milri
1540 3453 1588 3514 vel

387 3547 451 3608 illis
464 3548 633 3625 contingat,
650 3548 705 3626 qui
719 3549 820 3625 capita
834 3568 938 3608 rernm
953 3552 1037 3608 sunt.

428 3645 545 3724 Scripsi
558 3645 597 3706 ad
611 3648 642 3706 te
656 3646 714 3705 hoc
729 3666 836 3706 mense
850 3666 900 3706 me
914 3646 1079 3724 epistolam
1090 3649 1178 3707 tuam
1189 3666 1255 3707 non
1265 3665 1301 3706 eo
1315 3644 1382 3707 loco
1392 3666 1591 3726 numeroque

387 3743 501 3804 habere
522 3747 640 3822 quotu
661 3764 711 3803 me
731 3743 913 3805 habiturum
933 3744 1060 3821 putasti,
1084 3764 1140 3804 nec
1164 3744 1223 3805 tibi
1247 3744 1281 3803 in
1302 3763 1339 3803 ea
1363 3747 1590 3822 supprimenda

345 3872 373 3922 15
386 3842 526 3919 paruisse
539 3842 753 3919 pariturumue
770 3862 844 3903 esse.
889 3843 957 3919 Ego
975 3844 1134 3905 nihildum
1152 3842 1312 3903 molestiae
1330 3842 1370 3902 ob
1385 3841 1483 3904 istam
1503 3848 1591 3905 tuam

387 3939 590 4001 offensionem
604 3941 656 4001 vel
672 3940 852 4001 offensionis
870 3942 1017 4018 ὑπόκρισιν
1035 3960 1145 4020 passus
1164 3960 1256 4014 sum;
1277 3940 1331 4016 qui
1345 3942 1381 3999 rt
1395 3940 1474 4002 iocis
1488 3942 1591 4003 libem

388 4040 466 4113 vtor‚
482 4037 527 4097 ita
542 4037 618 4099 iocis
637 4058 701 4099 non
720 4038 784 4099 leui
801 4040 947 4100 decanea
964 4039 1112 4114 offendor,
1129 4038 1299 4115 malimque
1317 4057 1368 4097 me
1386 4038 1473 4098 laedi
1493 4060 1590 4118 quam

387 4136 525 4199 laedere:
545 4156 640 4214 quam
654 4137 808 4198 rationem
822 4137 856 4197 in
870 4137 1010 4198 amicitia
1023 4138 1139 4197 tuenda
1153 4138 1265 4197 sicum
1279 4135 1349 4196 aliis
1364 4135 1525 4199 initurum
1539 4159 1590 4199 me

386 4234 491 4311 statui,
508 4237 626 4311 quanto
640 4234 741 4311 magis
754 4237 859 4296 tecum
873 4238 1052 4296 retenturus
1064 4235 1161 4295 sum?
1190 4232 1239 4308 ὑφ’
1253 4234 1285 4293 οὗ
1298 4235 1410 4293 πάντων
1424 4238 1482 4294 τῶν
1496 4237 1591 4312 φίλων

345 4364 375 4400 20
387 4337 442 4393 τῶν
454 4359 486 4393 τε
496 4333 656 4412 ἐλλογίμων
667 4333 772 4411 ἀνδρῶν
781 4335 911 4410 μάλιστα
920 4332 1149 4394 πλεονεκτεῖσθαι
1161 4333 1338 4410 ἀνασχοίμην
1349 4330 1382 4390 ἂν
1396 4333 1496 4413 ἔγωγε,
1510 4335 1591 4394 οὐδὲν

388 4427 542 4507 ἀχθόμενος
562 4432 616 4486 τῶν
637 4429 892 4509 ἅντιπεπαιγμένων
912 4454 970 4503 σοι,
994 4429 1057 4489 οὐδὲ
1078 4428 1112 4504 δη
1132 4433 1271 4505 φορτικῶς
1295 4429 1450 4503 ἑρμηνεύων
1469 4432 1508 4489 τὰ
1526 4456 1592 4491 παι·

388 4526 507 4606 γνιωδῶς
534 4526 608 4603 ἔχειν
636 4525 778 4587 δοκοῦντα.
821 4526 949 4602 0138&le
971 4528 1016 4586 καὶ
1043 4527 1196 4603 τηλικαύτη
1220 4523 1273 4601 ἤδη
1294 4526 1496 4605 εὐγνωμοσύνῃ
1520 4530 1591 4607 χρή.

388 4624 496 4686 σασθαι
524 4625 630 4685 σαυτὸν
658 4625 815 4685 ἀναπείθειν
840 4650 890 4703 μοι
916 4624 1012 4698 δοκεῖς,
1041 4626 1074 4685 οὗ
1108 4624 1243 4701 πρότερον
1271 4622 1353 4685 αὐτὸς
1383 4626 1593 4707 φιλοπαίγμων

562 4784 620 4833 929.
641 4800 678 4834 11.
696 4785 766 4834 mihi
778 4785 821 4833 rel
834 4785 890 4833 illis
902 4786 926 4833 N
935 4802 941 4833 :
959 4783 1015 4832 illis
1026 4783 1131 4833 mihine
1141 4786 1179 4831 E:
1196 4781 1302 4831 mihine
1314 4780 1371 4829 illis
1381 4785 1409 4829 F.

423 4934 481 4984 929.
494 4950 519 4996 3.
536 4933 698 4999 scripsisset]
712 4934 746 4982 In
757 4948 865 4983 nnswer
877 4936 905 4982 to
917 4933 964 4981 tho
1048 4945 1073 4991 9.
1089 4929 1232 4993 Beraldue]
1245 4930 1293 4977 See
1305 4944 1331 4990 p.
1345 4942 1403 4988 503.

391 5002 473 5051 letter
484 5000 642 5051 mentioned
653 5002 684 5049 in
696 5001 743 5063 Ep.
756 5002 813 5062 906.
827 5013 883 5061 504.
1052 5009 1088 5056 ¹3·
1108 4996 1220 5059 Scripsi]
1237 4996 1284 5058 Ep.
1297 5010 1353 5055 9⁰4·
