3867 6034
389 722 450 783 ⁶04
740 716 930 780 numus
954 714 1011 778 Ol*
1035 712 1236 777 EBASHUB
1510 708 1600 794 [¹⁵¹⁹

390 873 671 938 rsusrsudissimus
690 872 863 951 Episcopus
882 892 919 933 so
938 872 1090 949 Prinosps
1111 869 1311 932 leodiensis:
1341 887 1418 930 sam
1442 888 1514 931 vus
1535 888 1604 931 snm

390 973 580 1035 nomismate
603 971 643 1032 sd
667 970 761 1032 illum
787 970 872 1043 misi,
889 990 947 1031 nso
975 974 1083 1047 postas
1109 968 1201 1030 liouit
1224 967 1397 1029 bominem
1422 967 1602 1029 conuenire.

347 1090 378 1127 ιο
390 1069 545 1149 Quicquid
557 1069 684 1143 fenoris
700 1068 850 1146 quioquid
865 1068 1081 1145 bemmatis,
1096 1066 1244 1145 quioquid
1258 1065 1415 1144 praesidii
1428 1065 1605 1129 illustrent

390 1189 462 1232 mua
482 1169 555 1229 Dux
575 1167 732 1246 impendit
751 1166 924 1228 sushsndis
943 1166 1073 1243 optimis
1092 1164 1215 1238 studiis
1227 1164 1260 1225 id
1281 1163 1317 1225 in
1331 1183 1389 1224 ms
1403 1164 1607 1242 pssnliuritc

390 1266 541 1331 sellatum
566 1265 710 1327 arbitror.
752 1264 843 1325 Nihil
869 1264 905 1324 in
931 1264 1011 1325 Ions
1042 1262 1190 1341 oonspsxi
1217 1262 1302 1339 quod
1329 1282 1402 1323 non
1427 1261 1532 1325 vnies
1560 1280 1606 1322 ms

390 1363 561 1426 delectarit
605 1364 657 1424 Ita
684 1383 735 1424 ms
763 1362 848 1424 Deus
876 1362 956 1423 bens
978 1366 1072 1430 amat,
1086 1361 1178 1423 video
1200 1360 1364 1422 dslsetum
1385 1380 1555 1439 organum
1572 1360 1605 1420 ad

391 1462 510 1526 christi
535 1461 668 1540 glorism
695 1461 917 1522 illustrandam
940 1461 1025 1521 inter
1048 1459 1255 1521 orauissimas
1276 1458 1398 1520 horum
1423 1462 1605 1537 temporum

348 1560 546 1629 15tsnsbras.
589 1559 718 1623 Sohslbi
744 1559 880 1636 eollegas
902 1559 991 1620 dotas
1015 1560 1117 1638 msgis
1136 1579 1176 1619 sx
1197 1556 1287 1619 illius
1311 1557 1423 1620 literis
1450 1576 1553 1636 quem
1572 1574 1604 1616 ar

391 1658 531 1720 orstions
551 1657 643 1719 lieuit
662 1677 855 1735 eognosesrs.
900 1658 968 1737 Ege
985 1658 1117 1735 posthae
1130 1656 1304 1735 Georgium
1316 1656 1535 1735 Spalatinum
1548 1673 1602 1715 nou

391 1755 496 1817 solum
509 1755 594 1816 inter
606 1754 790 1832 praecipuos
811 1754 928 1816 smioos
940 1755 1149 1816 verumetiam
1169 1754 1254 1814 inter
1272 1756 1434 1830 petrones
1455 1771 1548 1815 meos
1562 1749 1603 1811 ob

391 1853 563 1915 seruandus
589 1853 764 1930 scriptume
790 1872 871 1927 sum,
889 1873 956 1915 non
983 1852 1113 1931 perinde
1138 1852 1173 1913 in
1200 1851 1319 1913 obortis
1348 1855 1454 1931 atque
1482 1851 1555 1931 ipso
1573 1848 1602 1908 in

393 1954 525 2027 pertore.
562 1950 736 2025 Bensvals,
752 1950 866 2027 Georgi
879 1950 1070 2012 charissime.

350 2068 381 2105 so
432 2048 574 2111 Lousnii.
588 2066 653 2110 mr.
667 2048 795 2110 Oslsnd.
812 2049 931 2111 Iunias.
946 2050 1045 2110 Anno
1056 2067 1191 2111 mnxrx.

610 2362 685 2427 979.
729 2360 779 2425 Το
801 2360 909 2426 Duru
930 2359 1134 2427 hunsmor
1157 2375 1202 2424 or
1225 2357 1384 2426 Surosr.

429 2525 554 2596 anngo
566 2541 595 2594 p.
610 2524 670 2581 126.
1399 2520 1541 2581 Iouvsir.

432 2612 461 2669 l'.
475 2631 503 2683 p.
517 2613 586 2679 278:
606 2608 676 2665 HN:
695 2610 783 2667 Lond
796 2629 821 2668 v.
835 2613 886 2680 36:
905 2607 961 2669 LB.
975 2610 1037 2679 42⁶.
1358 2626 1397 2682 30
1409 2610 1484 2682 May
1498 2622 1570 2681 1519.

637 2757 814 2821 [Auswertng
826 2758 875 2806 the
886 2757 968 2805 letter
975 2756 1135 2806 mentioned
1146 2758 1176 2805 lrr
1188 2756 1239 2819 Ep.
1249 2759 1309 2819 9⁶3.
1323 2758 1362 2822 1.]

408 2929 610 2980 ILLVSTRISS.
631 2930 805 2978 SAXONIAE
828 2930 911 2980 Dvcl
934 2932 1122 2982 FRIDRRICO
1143 2932 1301 2981 ERASMVS
1324 2932 1505 2984 nomon.
1526 2933 1552 2983 S.
1567 2931 1591 2979 Ρ.

437 3076 674 3137 Innvsrmssmn
688 3075 847 3153 Princeps,
863 3096 919 3153 pro
938 3076 1044 3139 studio
1063 3097 1125 3156 quo
1145 3081 1218 3138 tuae
1235 3076 1425 3140 eelsitudini
1439 3080 1600 3142 Oasssnrm

396 3175 509 3235 vitess
528 3192 580 3234 ms
599 3174 775 3252 recognitas
796 3174 946 3249 dedieaui,
962 3176 1026 3235 ism
1049 3194 1132 3238 nuno
1153 3174 1278 3235 abunde
1295 3195 1454 3256 msgnam
1475 3177 1600 3258 grstiam

397 3273 529 3334 relatam
542 3272 699 3346 existimo,
712 3276 914 3350 posteaquam
927 3272 1155 3335 amantissimis
1168 3273 1269 3335 literis
1282 3273 1346 3335 sibi
1361 3294 1431 3337 non
1447 3278 1600 3356 ingratum

397 3372 494 3432 fuisse
521 3373 663 3432 testetur.
710 3371 792 3431 Nem
820 3391 893 3431 eum
922 3372 953 3433 id
987 3374 1088 3450 operis
1116 3372 1312 3447 destinarem,
1349 3376 1502 3438 nondum
1529 3370 1601 3436 mihi

370 3469 526 3546 sperinds
546 3468 761 3545 praediostum
782 3473 848 3530 erat
868 3473 962 3547 atque
981 3491 1066 3532 nune
1078 3475 1135 3545 est,
1151 3474 1268 3549 quanta
1280 3472 1383 3534 animi
1395 3472 1601 3553 propensione

397 3568 518 3628 feneres
532 3566 623 3627 bonis
637 3566 740 3627 literis
753 3567 855 3628 sdhuo
868 3588 941 3628 eum
956 3569 1073 3631 veteris
1091 3569 1234 3631 inscitias
1247 3570 1392 3647 petronis
1406 3567 1602 3651 dighdjmd

398 3667 464 3739 bus,
482 3665 536 3724 ssd
550 3664 594 3724 its
607 3668 642 3725 vt
657 3665 764 3726 hostes
778 3666 861 3726 nihil
877 3666 963 3727 aliud
982 3671 1189 3747 assequantur
1206 3668 1393 3730 reluctando
1407 3690 1509 3748 quam
1527 3666 1601 3749 qnod

397 3764 429 3821 et
459 3764 602 3822 nostram
626 3761 786 3823 illustrent
812 3763 979 3824 vietorism
1006 3766 1037 3825 et
1064 3785 1155 3826 suem
1182 3764 1395 3828 denobilitsnt
1424 3766 1601 3831 stultitiam.

399 3858 552 3936 Quicquid
573 3862 678 3919 autem
692 3859 816 3935 fauoris,
833 3860 981 3938 quiequid
997 3861 1210 3941 benignitatis,
1226 3863 1376 3941 quiequid
1394 3865 1536 3927 subsidii
1551 3867 1602 3925 tna

357 3973 387 4008 ιο
400 3954 548 4015 nobilitas
573 3956 788 4017 instaurandis
822 3956 965 4018 honestis
1000 3958 1114 4020 studiis
1148 3961 1181 4020 et
1215 3959 1386 4022 euehendis
1419 3961 1619 4041 tuendisque¹

399 4052 577 4114 studiorum
590 4053 797 4115 assertoribus
810 4055 974 4133 impendit,
989 4055 1022 4116 id
1036 4060 1140 4118 totum
1153 4057 1187 4119 in
1202 4079 1253 4120 ms
1266 4058 1421 4121 eollatum
1435 4081 1505 4124 esse
1518 4061 1600 4124 dnus

401 4152 509 4230 Neque
529 4171 603 4212 vero
624 4154 656 4211 ts
675 4153 836 4228 poeniteat
857 4154 1071 4217 istiussnimi.
1112 4155 1297 4218 Nonsmnt
1315 4156 1603 4236 ingressuram

400 4249 476 4328 quin
507 4248 608 4328 msgis
635 4249 782 4328 trilingui
810 4252 954 4313 facundia
979 4254 1137 4315 vindicem
1165 4275 1259 4318 suum
1283 4256 1465 4320 immortali
1491 4256 1601 4339 glorias

399 4347 632 4408 consecrabunt.
677 4349 747 4410 Erit
760 4349 839 4410 olim
861 4349 1038 4414 Friderious
1060 4354 1177 4415 adiutis
1203 4352 1318 4416 studiis
1341 4373 1442 4433 quem
1464 4359 1600 4419 stsmm

357 4465 387 4515 ¹5
400 4450 470 4505 tum
494 4446 564 4508 luce
588 4446 731 4507 nobilior.
776 4448 843 4524 Ego
867 4450 995 4525 posthso
1016 4469 1081 4510 non
1095 4452 1224 4513 verebor
1247 4451 1380 4514 stulius
1400 4452 1528 4532 ingenii
1546 4451 1601 4515 mei

398 4544 502 4605 foebus
516 4545 576 4605 tibi
591 4544 701 4621 disere,
719 4548 845 4623 qusndo
858 4547 992 4608 feliciter
1005 4549 1099 4611 osssit
1112 4549 1189 4611 hose
1203 4549 1284 4611 mihi
1296 4550 1437 4613 sudreie„
1478 4549 1601 4613 Gelaitu·

400 4643 507 4703 dinsm
526 4646 613 4703 tuam
634 4644 759 4721 patriae,
779 4644 893 4707 studiis
913 4666 948 4707 se
967 4647 1079 4725 pietati
1099 4668 1195 4725 quem
1215 4647 1393 4710 diutissime
1414 4649 1598 4713 ineolumem

398 4744 524 4801 tusstur
537 4742 682 4803 Christus
696 4744 767 4819 Opt.
785 4743 866 4804 Μαι.
885 4745 1028 4807 Lonsnii.
1044 4766 1094 4807 111.
1110 4746 1172 4808 Cal.
1189 4746 1310 4808 Iuniss.
1323 4747 1428 4810 Anno
1440 4765 1574 4811 num.

431 4938 489 4987 978.
507 4940 532 4988 8.
550 4938 719 5002 leodiensis]
731 4938 780 4988 fles
793 4953 820 5002 p.
836 4940 891 4989 1⁶8.
1021 4941 1042 4990 Ε
1055 4946 1084 4990 is
1092 4956 1167 5002 meru.
1294 4986 1298 4993 .

435 5017 472 5052 12.
491 5004 571 5068 Iona]
590 5004 649 5055 lod.
671 5004 752 5053 Iones
771 5003 967 5055 llrfordisnsis:
1053 5008 1110 5057 979.
1129 5023 1153 5056 e.
1171 5008 1226 5056 lam
1235 5006 1373 5073 sandei.
1384 5005 1595 5075 llp.939lntrs'd
