3867 6034
473 727 536 789 404
820 723 1012 790 auritus
1039 724 1094 788 OF
1120 722 1323 788 ERASMUS
1578 717 1675 802 [1518

474 883 641 945 sudoribus
659 882 799 961 primum
819 882 1011 955 emendatos,
1027 879 1140 941 deinde
1162 878 1344 941 felicissime
1364 897 1477 940 versos
1522 878 1605 939 Sunt
1625 876 1674 937 illi

473 979 629 1058 permulta
641 980 676 1041 in
689 978 815 1040 scriniis
833 998 948 1057 magno
966 978 1164 1067 vsui'iuturs
1176 976 1335 1038 studiosis
1380 976 1443 1038 His
1459 975 1676 1037 monument-is

473 1078 525 1138 vir
536 1078 591 1139 ille
604 1076 744 1139 consulit
756 1076 989 1137 immortalitati
1003 1075 1053 1136 sui
1068 1073 1219 1150 nominis,
1228 1073 1280 1135 his
1296 1077 1389 1135 ornat
1401 1092 1494 1134 suam
1507 1071 1675 1150 Angliam,

470 1175 527 1236 bis
549 1175 655 1236 arulam
676 1175 794 1253 regiam
815 1174 962 1247 illustrat,
981 1175 1077 1251 atque
1096 1172 1203 1249 ipsum
1224 1172 1260 1231 in
1281 1171 1393 1250 primis
1414 1170 1606 1248 Principem,
1621 1171 1675 1231 cui

430 1294 461 1350 75
474 1273 615 1334 medicus
630 1274 679 1335 est
690 1272 867 1350 primarius.
909 1270 1005 1348 Apud
1027 1269 1138 1331 Gallos
1153 1269 1231 1331 item
1246 1288 1380 1347 magnus
1397 1268 1452 1329 ille
1468 1268 1674 1330 Guilhelmus

474 1371 578 1449 Oopus
599 1370 692 1432 nouis
712 1369 847 1430 subinde
867 1369 958 1430 libris
979 1387 1047 1429 rem
1068 1367 1223 1428 medicam
1248 1366 1340 1428 nobis
1361 1366 1480 1428 assent
1522 1366 1673 1428 Budaeus

473 1488 529 1546 per
541 1469 825 1530 iureconsultcmm
841 1466 939 1527 libros
959 1465 1167 1527 obambulans
1185 1467 1315 1543 Augeae
1334 1464 1497 1526 stabulum
1511 1467 1671 1543 repurgat

474 1566 620 1629 Gaudent
632 1584 743 1627 omnes
756 1564 940 1638 admoneri;
961 1563 1022 1624 soli
1038 1563 1176 1642 theologi
1191 1562 1342 1624 nolumus
1357 1562 1489 1624 meliora
1501 1562 1630 1624 discere

513 1663 574 1725 Fac
586 1662 799 1725 valetudinem
813 1665 909 1738 tuam,
923 1661 1074 1722 Ambrosi
1087 1661 1276 1736 doctissime,
1292 1664 1399 1721 tueare
1414 1660 1589 1738 diligenter,
1606 1680 1672 1739 quo

426 1774 461 1825 80
472 1764 505 1822 et
518 1761 573 1822 diu
588 1761 689 1839 prosis
701 1760 830 1838 optimis
844 1759 970 1835 studiis,
982 1761 1015 1819 et
1028 1757 1139 1819 multis
1153 1759 1245 1819 annis
1261 1778 1358 1819 senex
1375 1777 1449 1819 sene
1459 1758 1523 1818 frui
1536 1757 1669 1835 possim.

472 1858 555 1920 Nam
584 1860 653 1937 ipse
678 1862 931 1937 praecurrentem
961 1861 993 1918 te
1020 1877 1092 1919 sum
1120 1861 1289 1932 assecutus,
1320 1860 1407 1920 totus
1433 1856 1533 1918 ferme
1561 1874 1672 1917 canus.

471 1957 577 2019 Aldus
590 1957 625 2019 in
640 1956 848 2018 familiaribus
863 1955 1028 2034 colloquiis
1038 1974 1102 2016 non
1114 1955 1183 2015 sine
1196 1953 1356 2032 voluptate
1370 1953 1484 2016 solitus
1493 1956 1543 2015 eet
1552 1954 1674 2014 imitari

471 2055 557 2118 senis
570 2055 719 2133 decrepiti
735 2053 916 2130 balbutiem,
933 2073 994 2132 qua
1008 2053 1084 2113 olim
1097 2054 1221 2129 putaret
1233 2053 1379 2115 futurum
1392 2056 1429 2115 vt
1442 2052 1523 2114 alter
1535 2052 1674 2113 alterum

472 2154 757 2214 consalutaremus:
773 2152 952 2228 ‘Quomodo
963 2152 1070 2227 vales,'
1080 2152 1186 2230 inquit
1199 2152 1528 2214 ‘domineBrasmet'
1548 2150 1673 2212 Deinde

427 2264 459 2330 85
473 2271 549 2313 voce
562 2269 658 2329 aeque
677 2250 770 2312 balba
786 2249 842 2311 sed
859 2248 995 2324 exiliore,
1014 2269 1066 2310 me
1081 2249 1227 2311 videlicet
1245 2269 1354 2327 agens,
1368 2248 1597 2328 respondebat:
1619 2249 1672 2311 ‘Si

472 2348 565 2424 vales,
588 2369 645 2426 ogo
665 2348 773 2410 valeo?
814 2347 902 2408 Haec
922 2346 1057 2409 iucunde
1082 2348 1210 2426 quidem
1229 2347 1416 2423 somniabat,
1437 2346 1625 2425 praesertim
1645 2348 1674 2407 ei

471 2465 575 2508 sermo
590 2448 745 2507 accederet
760 2445 798 2506 de
817 2444 994 2506 extruenda
1010 2464 1094 2506 noua
1107 2443 1280 2505 Academia
1292 2466 1301 2519 ;
1321 2444 1376 2506 sed
1394 2443 1492 2506 fidem
1506 2463 1573 2504 non
1587 2462 1675 2528 prae·

471 2543 564 2604 stitit.
608 2543 749 2622 Reliquit
764 2562 821 2604 noe
839 2546 913 2604 ante
926 2542 1054 2603 balbam
1073 2542 1162 2604 illam
1180 2544 1336 2604 aetatem:
1357 2541 1483 2603 etiamsi
1501 2561 1552 2603 me
1567 2541 1672 2604 multo

471 2640 618 2718 grandior
630 2645 695 2702 erat
711 2641 823 2715 Aldus,
842 2642 944 2716 annis,
959 2642 994 2701 ni
1010 2639 1111 2714 fallor,
1127 2639 1201 2718 plus
1218 2640 1326 2701 minus
1340 2640 1466 2718 viginti
1506 2640 1591 2700 Nam
1603 2639 1674 2718 ipse

427 2763 460 2817 90
472 2758 557 2800 nunc
564 2759 684 2800 annum
693 2738 987 2817 quinquagesimum
996 2738 1170 2800 secundum
1177 2741 1233 2799 aut
1240 2738 1281 2799 ad
1289 2758 1451 2800 summum
1461 2738 1592 2799 tertium
1601 2758 1670 2817 ago.

513 2835 609 2898 quat
628 2837 717 2914 plura
736 2838 840 2909 tecum
861 2834 1063 2910 confabulari,
1089 2835 1207 2913 optime
1227 2837 1299 2910 Leo,
1321 2836 1378 2897 sod
1403 2836 1465 2898 alio
1486 2855 1538 2897 me
1557 2840 1673 2898 vocant

472 2935 609 3013 negocia
653 2935 755 2996 Tuum
770 2953 888 2995 nomen
904 2952 1029 3010 semper
1038 2933 1159 2995 extabit
1172 2933 1208 2994 in
1222 2934 1302 2996 meis
1312 2935 1502 3014 Prouerbiis,
1518 2938 1671 3004 sitamen

471 3031 523 3094 his
543 3032 620 3111 ipsis
639 3032 801 3110 continget
821 3035 946 3093 extare:
971 3051 1074 3109 neque
1094 3032 1237 3093 vicissim
1256 3032 1293 3093 in
1313 3032 1379 3095 tuis
1398 3034 1672 3101 lucubrationibus

471 3130 649 3209 grauaberis
662 3130 788 3192 Erasini
800 3129 992 3191 meminisse.
1036 3129 1202 3208 Optimum
1219 3131 1398 3208 Baptistam
1410 3134 1582 3212 Egnatium
1601 3156 1674 3200 meo

426 3255 459 3309 9⁵
472 3229 600 3292 nomine
618 3229 754 3291 salutato
770 3229 936 3307 diligenter
948 3250 957 3304 3
978 3228 1057 3289 item
1070 3228 1249 3291 Asulanum
1268 3250 1341 3291 cum
1354 3250 1412 3293 sua
1425 3232 1554 3309 familia,
1570 3239 1672 3297 nomi·

470 3328 572 3390 natim
592 3327 803 3389 Manutiolum
825 3327 880 3405 qui
900 3326 993 3388 nobis
1012 3325 1107 3387 isthic
1126 3326 1251 3403 puellus
1271 3327 1407 3407 ludebat,
1423 3350 1496 3391 cum
1517 3332 1669 3398 adessem.
1709 3353 1714 3365 ·

470 3427 558 3488 Bene
570 3426 649 3487 vale.
687 3425 820 3487 Louanii
834 3426 883 3487 Id.
900 3425 1007 3486 Octob.
1024 3425 1117 3485 Anno
1130 3432 1290 3490 u.u.†x1x.

757 3635 902 3722 ⁸¹⁰869„,
944 3635 995 3700 To
1017 3635 1182 3701 Wnnnm
1205 3637 1381 3705 Buuaaus.

504 3723 668 3795 Farragop.
681 3737 725 3779 21.
1437 3727 1571 3785 Louvain.

505 3809 534 3867 P.
547 3829 575 3882 p.
590 3810 657 3867 186:
675 3808 744 3868 HN:
763 3808 852 3864 lond.
864 3808 905 3865 iii
921 3822 969 3879 53:
987 3808 1043 3867 LB.
1057 3810 1118 3880 33⁶·
1373 3827 1407 3885 15
1420 3814 1543 3873 October
1556 3819 1636 3887 1518.

773 3936 931 4003 [Delivered
942 3937 974 3987 in
985 3937 1062 3987 Paris
1072 3952 1106 4000 3ο
1116 3937 1176 3988 Oct.
1187 3954 1195 3999 3
1212 3939 1245 3989 ct
1257 3940 1306 4003 up.
1319 3940 1390 4005 896]

585 4085 740 4134 ERASMVS
761 4084 1013 4134 Rormouauvs
1035 4086 1210 4135 uvimuo
1233 4087 1369 4139 avulso
1391 4091 1455 4140 SVO
1477 4092 1503 4141 S.
1518 4093 1553 4141 D.

509 4208 679 4270 Paomis
703 4206 793 4267 illam
817 4209 906 4269 tuam
926 4205 1103 4284 epistolam,
1132 4208 1171 4268 ad
1196 4209 1268 4271 idus
1292 4211 1421 4289 Apriles
1444 4214 1604 4293 scriptam,
1629 4217 1670 4277 ad

469 4307 623 4370 calendae
642 4304 844 4383 Septembres
863 4306 973 4383 accepi,
989 4308 1182 4368 reuectame
1202 4307 1323 4383 Ianue3
1344 4311 1401 4372 eod
1419 4311 1515 4374 talem
1528 4315 1565 4373 vt
1582 4314 1668 4376 hsud

468 4454 575 4514 &apg
586 4451 763 4502 consuluitH.
822 4454 1290 4513 mmmmdccrrtczmnncrxlt.
1353 4456 1411 4506 869.
1421 4472 1445 4507 a.
1455 4461 1493 4506 H:
1505 4461 1628 4511 reuectus
1638 4464 1670 4511 Ε.

468 4609 582 4659 Irinacre
603 4608 660 4658 had
686 4607 796 4671 already
822 4606 972 4671 eompleted
995 4608 1044 4657 the
1126 4622 1169 4670 90.
1186 4609 1221 4658 ad
1242 4610 1392 4675 summum]
1415 4612 1468 4661 ror
1489 4614 1545 4663 this
1573 4630 1670 4666 uncer-

469 4674 631 4725 translation
643 4674 673 4723 ol
681 4678 736 4724 two
746 4673 828 4724 books
839 4673 869 4723 ol
881 4674 965 4723 thaso.
1001 4673 1044 4723 He
1094 4675 1184 4736 tainty
1198 4674 1232 4725 oi.
1247 4676 1295 4725 tha
1311 4692 1459 4741 regnauere
1476 4679 1506 4728 ot
1519 4682 1670 4733 statement

468 4753 524 4789 was
543 4744 572 4789 at
589 4741 663 4789 work
680 4754 754 4803 upon
770 4740 848 4789 them
865 4740 991 4802 in14993
1007 4739 1040 4789 ct
1093 4739 1125 4789 in
1135 4738 1185 4802 Ep.
1198 4742 1254 4802 869.
1266 4755 1323 4803 270.

469 4805 552 4855 ΕΗΒ.
563 4805 640 4855 xviii
651 4818 707 4868 514.
1125 4819 1166 4866 9⁹·
1186 4805 1340 4858 Prouarbiis
1364 4808 1405 4859 (tt
1418 4808 1467 4873 Ep.
1478 4824 1536 4872 450.
1549 4825 1581 4872 ap
1589 4826 1618 4862 n.

501 4870 559 4921 868.
574 4872 616 4932 89.
634 4872 697 4933 plus
712 4871 805 4920 minus
820 4868 931 4933 viginti]
949 4884 1044 4922 seven·
1124 4884 1166 4931 9⁴·
1184 4873 1341 4923 meminisse
1372 4874 1388 4924 1
1406 4880 1507 4925 cannot
1525 4876 1585 4927 find
1604 4877 1670 4929 that

468 4937 540 4998 teau,
553 4935 578 4985 u
586 4936 715 4987 Erasmus
726 4950 781 4986 was
793 4936 862 4986 born
873 4937 904 4987 in
917 4936 997 4998 14⁶⁶;
1008 4936 1042 4988 ci.
1093 4936 1147 4985 Leo
1158 4936 1235 4986 acted
1246 4952 1319 5002 upon
1331 4942 1343 4987 t
1364 4940 1388 4989 is
1398 4943 1558 5005 suggestion.

468 5000 522 5051 vol.
535 5001 554 5061 i,
565 5016 592 5064 p.
603 5002 661 5063 598.
1125 5002 1166 5065 9&
1182 5002 1566 5072 Menuriolum]8001tp.5ac
1579 5021 1612 5070 55
1622 5024 1650 5060 n.
