3867 6034
460 716 521 776 276
809 716 999 778 LETTERS
1026 715 1080 777 ΟΡ
1106 716 1307 778 ERASMUS
1564 712 1661 797 [1518

460 872 535 933 salis
548 872 672 933 habent
716 873 813 947 Tune,
829 892 935 951 egone,
952 891 1132 950 quanquam
1146 873 1239 950 longe
1257 876 1288 932 te
1304 870 1442 945 inferior,
1459 870 1514 948 qui
1531 868 1664 929 seruitu-

399 990 446 1044 ²7⁵
460 973 526 1031 tem
537 971 702 1031 molestam
716 989 903 1048 grauemque
917 969 1084 1031 ambitioni
1097 969 1288 1031 seruiuimus
1301 972 1333 1029 et
1347 968 1474 1029 tandem
1488 966 1663 1027 vindictam

460 1068 643 1143 meruimus,
660 1088 698 1128 ex
712 1067 858 1128 libertate
877 1085 987 1128 rursus
1003 1065 1038 1126 in
1052 1067 1222 1144 pistrinum
1236 1087 1294 1128 nos
1313 1068 1432 1142 demus,
1445 1070 1540 1143 atque
1552 1064 1663 1125 acerba

460 1164 633 1225 identidem
646 1164 872 1226 concertatione
886 1165 1108 1238 conflictsmur,
1123 1167 1160 1225 vt
1179 1164 1395 1242 scripturienti
1409 1164 1521 1241 cuique
1532 1161 1662 1223 libuerit

459 1260 572 1322 stilum
604 1263 639 1321 in
675 1282 733 1322 nos
768 1265 941 1323 exacuere?
991 1261 1147 1340 Equidem
1176 1263 1205 1322 si
1231 1263 1383 1323 alterutra
1410 1261 1491 1322 mihi
1521 1260 1663 1322 conditio

459 1357 602 1436 eligenda
615 1360 667 1435 sit,
684 1359 795 1422 malim
815 1359 980 1419 literarum
999 1358 1190 1437 elegantium
1207 1360 1349 1422 studium
1367 1360 1486 1420 eiurare
1505 1378 1602 1435 quam
1622 1358 1661 1419 ad

398 1468 447 1517 280
458 1474 528 1515 eam
542 1457 658 1517 mentis
672 1456 884 1517 carnificinam
898 1456 989 1535 adigi.
1028 1457 1077 1517 Tu
1090 1457 1152 1517 iam
1167 1457 1284 1534 gloriae
1299 1458 1425 1519 culmen
1438 1461 1535 1532 tenes,
1548 1476 1588 1517 ex
1601 1476 1663 1534 quo

458 1556 537 1613 vta
566 1554 654 1615 nullo
685 1554 844 1614 deturbari
876 1556 940 1613 iam
973 1557 1068 1631 potes,
1096 1555 1141 1614 sic
1169 1555 1196 1615 ei
1224 1555 1359 1632 gradum
1383 1555 1451 1633 ipse
1477 1554 1659 1630 dimousris,

458 1669 623 1712 conuersos
637 1652 671 1711 in
686 1655 718 1712 te
731 1652 838 1711 oculos
851 1650 958 1711 fallere
973 1672 1038 1712 non
1052 1653 1177 1729 poteris.
1209 1654 1276 1730 Ego
1289 1655 1323 1713 in
1337 1673 1406 1714 eam
1421 1652 1471 1713 vel
1485 1652 1664 1713 securitatis

458 1747 510 1808 vel
524 1748 663 1811 incuriae
676 1769 778 1810 arcem
793 1749 981 1809 conclusisse
996 1769 1047 1809 me
1058 1750 1190 1824 confido,
1200 1751 1283 1811 vnde
1296 1770 1348 1810 me
1360 1751 1396 1810 in
1410 1769 1557 1827 campum
1570 1749 1661 1827 perii·

459 1864 528 1905 cere
556 1847 595 1907 ad
620 1850 778 1908 certamen
803 1846 886 1907 haud
911 1846 1002 1906 facile
1027 1849 1193 1925 quisquam
1217 1848 1323 1924 possit.
1367 1847 1478 1908 Malim
1502 1851 1538 1908 vt
1562 1847 1661 1908 animi

399 1960 446 2025 ²⁸5
458 1945 614 2021 aequitate
627 1944 769 2021 superior
782 1963 848 2004 esse
861 1943 970 2005 videar
985 1964 1081 2022 quam
1101 1964 1209 2006 causas
1224 1948 1353 2006 actione.
1395 1945 1504 2023 Neque
1519 1947 1554 2005 tu
1568 1945 1663 2005 aliter

458 2040 493 2099 in
512 2040 655 2102 animum
677 2044 770 2102 tuum
791 2041 969 2112 induxeras,
985 2044 1022 2103 vt
1041 2061 1080 2101 sx
1102 2043 1201 2103 literis
1222 2044 1286 2104 tuis
1307 2044 1398 2104 video
1419 2047 1514 2121 atque
1535 2063 1573 2103 ex
1593 2043 1663 2122 ipsa

459 2138 622 2217 Apologia,
637 2142 744 2217 vtpote
758 2139 813 2216 qui
833 2159 978 2201 moerens
997 2142 1223 2219 propemodum
1236 2142 1296 2202 hoc
1311 2144 1469 2202 certamen
1481 2141 1663 2219 capessieris

458 2254 649 2314 gemensque
663 2238 825 2313 peregeris.

499 2333 618 2393 Verum
632 2337 667 2394 vt
687 2334 745 2394 tibi
763 2335 827 2395 iam
845 2335 1035 2396 seutentiam
1054 2356 1157 2396 meam
1176 2336 1340 2414 proferam,
1356 2335 1558 2412 placidiorem
1579 2336 1660 2395 mihi

398 2454 445 2503 290
458 2429 585 2489 vultum
618 2431 740 2491 exhibe.
784 2431 916 2492 Summa
949 2435 996 2493 rei
1030 2434 1106 2493 haec
1141 2437 1196 2507 est,
1218 2434 1372 2494 hactenus
1404 2433 1532 2493 veritati
1566 2435 1660 2511 atque

458 2526 685 2588 existimationi
700 2532 773 2590 tuae
791 2530 1002 2606 patrocinium
1020 2531 1131 2591 tulisse
1149 2552 1205 2609 per
1219 2551 1271 2591 me
1285 2531 1410 2607 quidem
1425 2533 1457 2590 et
1476 2549 1662 2591 communes

457 2622 575 2684 amicos
598 2625 690 2685 licere
709 2629 744 2685 vt
769 2646 929 2701 censsare;
959 2627 1212 2706 quandoquidem
1233 2631 1280 2688 est
1300 2627 1519 2689 huiuscemodi
1539 2631 1661 2689 contro·

458 2720 570 2796 uersis,
592 2741 670 2798 quae
689 2721 835 2799 ampliari
848 2724 954 2800 potius
972 2726 1004 2783 et
1020 2725 1287 2801 comperendinari
1306 2726 1429 2802 saepius
1447 2745 1541 2804 quam
1561 2726 1661 2786 semel

458 2816 623 2878 diiudicari
637 2818 764 2880 debeat:
785 2821 917 2882 vlterius
938 2825 1044 2882 autem
1065 2822 1093 2883 si
1112 2823 1244 2883 verbum
1265 2822 1428 2897 addideris,
1443 2843 1507 2883 non
1529 2824 1663 2901 impune

389 2933 444 2984 ¹295
458 2913 519 2974 tibi
538 2914 577 2974 ab
598 2915 708 2976 amicis
728 2916 881 2978 futurum.
926 2919 1035 2997 Neque
1049 2939 1123 2980 vero
1143 2940 1195 2979 me
1210 2939 1293 2980 nunc
1307 2921 1412 2981 credas
1427 2920 1520 2981 Fabri
1534 2940 1660 2982 causam

458 3031 556 3089 agere,
573 3012 628 3073 sed
652 3016 742 3074 tuam
761 3014 867 3092 potius
883 3015 987 3077 vicem
1011 3016 1125 3091 dolere,
1142 3018 1197 3093 qui
1221 3018 1279 3077 hoc
1306 3018 1365 3078 tibi
1389 3018 1545 3092 suadeam,
1566 3021 1602 3079 vt
1625 3019 1661 3079 in

458 3109 591 3186 gratiam
613 3130 686 3171 cum
706 3111 873 3173 honestate
889 3117 921 3174 et
940 3115 1156 3176 moderatione
1175 3115 1289 3187 redeas,
1306 3116 1371 3177 imo
1385 3118 1421 3177 vt
1436 3116 1475 3175 ad
1496 3115 1661 3193 ingenium

458 3209 550 3267 tuum
577 3208 737 3285 remigres,
763 3230 799 3270 ac
827 3213 859 3271 te
883 3211 942 3272 tibi
974 3212 1125 3290 nobisque
1159 3212 1304 3273 restituas
1334 3216 1366 3272 et
1400 3233 1505 3274 sacrae
1532 3212 1661 3275 lectioni

458 3305 717 3385 meditationique
730 3308 853 3370 referas.
898 3310 999 3371 Multa
1013 3311 1074 3371 fert
1087 3310 1235 3384 amicitia,
1252 3331 1346 3388 quam
1361 3313 1397 3371 tu
1417 3311 1518 3371 Fabro
1537 3311 1661 3371 inuitus

396 3425 445 3476 300
458 3405 632 3479 renuncies,
657 3407 693 3466 vt
719 3405 825 3483 potius
852 3427 924 3468 cum
950 3428 987 3469 eo
1014 3408 1211 3487 expostulare
1232 3408 1271 3467 ob
1298 3408 1451 3469 violatam
1480 3408 1660 3469 inconsulto

457 3500 629 3562 amicitiam
640 3521 735 3580 quam
750 3523 823 3564 eum
844 3505 1002 3582 postulem
1016 3506 1183 3567 criminose
1196 3506 1353 3566 videaris:
1375 3505 1477 3565 multa
1498 3505 1661 3583 opiniosis-

457 3598 574 3659 simum
603 3619 719 3661 nomen
757 3601 890 3677 Erasmi,
920 3623 982 3681 quo
1016 3623 1100 3663 nunc
1135 3622 1244 3662 omnes
1277 3601 1452 3663 Occidentis
1481 3602 1661 3679 prouinciae

457 3700 636 3775 personant,
670 3697 770 3758 multa
802 3700 967 3761 sacerdotii
999 3702 1139 3779 dignitas
1168 3704 1199 3760 et
1232 3699 1435 3777 professionis
1468 3700 1662 3777 theologicae

458 3793 544 3854 ratio.
579 3795 621 3856 Et
642 3795 692 3856 vis
711 3795 772 3856 ista
797 3798 1007 3858 contentionis
1028 3817 1100 3858 cum
1125 3801 1226 3858 astute
1240 3801 1276 3857 vt
1296 3800 1496 3857 consenescat
1516 3800 1660 3875 oportet;

397 3916 444 3967 ³05
458 3892 490 3950 et
510 3893 559 3951 set
572 3892 727 3952 eiusmodi
749 3897 913 3967 certamen,
930 3896 1019 3956 cuius
1032 3896 1163 3957 victoria
1181 3896 1312 3972 flagrare
1326 3894 1418 3956 citius
1428 3896 1549 3956 inuidia
1563 3915 1659 3973 quam

457 3987 604 4064 plausum
618 3989 753 4050 excitare
767 3991 824 4051 tibi
838 3992 946 4068 possit.

498 4085 609 4164 Neque
622 4089 654 4146 te
669 4086 721 4147 hic
735 4088 870 4163 audiam,
880 4091 909 4150 si
923 4109 1033 4168 pergas
1044 4091 1079 4150 in
1092 4109 1165 4150 eum
1179 4089 1299 4149 crimen
1312 4092 1492 4167 retorquere
1505 4091 1560 4168 qui
1573 4092 1661 4168 prior

458 4186 615 4244 certamen
644 4185 703 4245 hoc
728 4186 894 4246 commisit.
938 4188 1030 4247 Nunc
1056 4206 1164 4248 causae
1193 4188 1352 4248 cardinem
1382 4208 1446 4248 non
1470 4189 1599 4266 attingo,
1628 4193 1660 4250 et

457 4300 582 4342 causam
596 4284 692 4356 tuam,
706 4303 771 4342 non
786 4282 881 4353 illius,
891 4284 1002 4345 iudico.
1039 4283 1119 4344 Volo
1130 4288 1216 4345 tuam
1228 4288 1265 4345 vt
1278 4305 1403 4346 causam
1414 4286 1494 4346 mihi
1508 4286 1661 4364 approbes

396 4399 496 4456 31oex
520 4366 577 4441 tuo
600 4382 829 4456 tantummodo,
847 4402 914 4444 uon
938 4383 1035 4443 etiam
1060 4402 1098 4443 ex
1122 4381 1218 4458 illius,
1236 4383 1467 4457 instrumento;
1492 4384 1524 4444 id
1549 4388 1597 4444 est
1622 4405 1660 4445 ex

457 4478 582 4556 propria
615 4477 829 4540 moderatione
868 4479 1028 4541 insontem
1068 4483 1108 4555 te,
1148 4500 1212 4541 non
1247 4480 1507 4556 reeriminations,
1531 4482 1660 4543 doceas:

458 4576 614 4653 siquidem
629 4576 718 4637 decet
738 4576 812 4638 boni
827 4577 889 4639 viri
908 4578 1120 4639 innocentiam
1142 4582 1252 4654 suapte
1265 4580 1296 4639 vi
1310 4599 1427 4658 suoque
1441 4579 1509 4639 iure
1523 4579 1578 4654 vti,
1596 4600 1660 4640 nou

457 4673 578 4734 alienae
609 4674 743 4735 iniuriae
773 4676 1008 4754 propulsatione
1037 4676 1319 4737 commendabilem
1346 4677 1455 4737 videri.
1500 4677 1606 4737 Audio
1629 4682 1662 4737 te

459 4790 542 4831 nunc
559 4771 669 4832 diuum
686 4772 915 4852 hominumque
932 4774 1028 4834 fidem
1047 4774 1223 4851 implorare,
1239 4775 1323 4852 quod
1342 4774 1402 4834 tibi
1419 4774 1593 4851 impietatis
1609 4795 1662 4836 reo

751 4895 807 4955 285.
825 4894 934 4943 videare
945 4898 975 4944 Ρ.
1081 4908 1139 4955 312.
1157 4898 1198 4943 vti
1210 4899 1247 4943 E:
1264 4896 1318 4944 niti
1329 4899 1361 4944 N.

716 4977 718 4981 γ
762 5004 819 5065 308.
840 5002 994 5068 cardinem]
1006 5004 1046 5054 (tl.
1060 5003 1153 5067 Quint.
1164 5010 1226 5055 last.
1238 5020 1262 5067 5.
1279 5020 1315 5056 rs.
1329 5020 1353 5066 3.
1478 5059 1480 5065 ,
