3867 6034
279 672 357 758 684]
432 675 549 739 mou
570 678 747 742 mouns
767 678 886 742 MORE
907 680 963 741 ΤΟ
984 680 1125 742 ΡΕΤΕΒ
1145 681 1299 742 elutus
1426 681 1484 742 107

404 833 490 909 Quae
510 852 634 896 seruare
653 835 742 896 dutus
761 838 855 912 queat
875 834 1075 911 perhennes?

404 934 431 995 0
452 934 481 994 si
501 933 545 994 sic
566 937 691 1011 poteras
711 939 845 1012 tuaeque
864 933 965 993 ismae
987 936 1018 993 et

403 1030 494 1092 Votis
515 1030 708 1093 consuluisse
730 1033 945 1109 posterorum!

404 1127 487 1190 Nam
508 1129 536 1190 si
556 1129 660 1190 secula
680 1148 760 1207 quae
778 1131 950 1207 sequentur
970 1128 1073 1189 vllum

404 1226 583 1289 Seruabunt
602 1227 744 1289 studium
765 1228 882 1288 artium
904 1227 1067 1301 bonarum,

402 1324 467 1386 Nec
488 1325 574 1386 Mars
593 1325 740 1387 horridus
759 1326 878 1387 obteret
899 1325 1085 1396 Mineruam,

403 1422 520 1498 Quanti
539 1423 622 1485 hano
641 1424 808 1502 posteritas
827 1427 912 1485 emat
932 1423 1106 1485 tabellam?

260 1551 267 1565 ’
320 1541 367 1602 ui
381 1543 482 1619 Petre,
500 1564 573 1606 cum
590 1547 696 1608 omnia
714 1546 845 1608 mirifice
861 1547 1035 1622 Quintinus
1053 1548 1160 1607 noster
1177 1545 1373 1624 expresserit,
1390 1566 1486 1624 quam
1499 1571 1531 1620 50

278 1639 450 1702 mirificum
470 1642 504 1702 in
525 1643 639 1720 primia
656 1643 822 1705 falsarium
835 1644 960 1705 videtur
978 1646 1136 1722 praestare
1154 1645 1262 1721 posse!
1284 1663 1359 1704 nam
1378 1644 1423 1705 ita
1440 1646 1484 1705 in·

216 1799 220 1805 .
278 1739 485 1816 scriptionem
500 1741 679 1803 litterarum
696 1743 735 1804 ad
753 1746 784 1803 te
801 1762 943 1803 mearum
957 1743 1099 1803 imitatus
1114 1745 1161 1803 est
1174 1745 1211 1803 vt
1225 1761 1265 1802 ne
1277 1742 1345 1819 ipse
1358 1741 1485 1819 quidem

279 1836 366 1897 idem
386 1837 502 1899 iterum
522 1859 646 1916 possem
667 1840 786 1901 itidem.
831 1840 933 1916 Quare
953 1840 1014 1900 nisi
1033 1843 1088 1901 aut
1104 1840 1159 1901 ille
1178 1840 1212 1899 in
1233 1859 1327 1900 suum
1347 1839 1485 1917 aliquem

279 1952 374 1995 vsum
396 1937 450 1995 aut
470 1939 508 1996 tu
529 1938 564 1997 in
584 1941 676 1998 tuum
696 1958 765 1999 eam
786 1957 892 1999 seruas
911 1938 1084 2016 epistolam,
1108 1938 1233 1999 remitte
1256 1957 1331 2017 rogo
1352 1937 1392 1998 ad
1415 1957 1485 1999 me:

278 2031 456 2111 duplicabit
479 2034 667 2096 miraculum
694 2036 834 2115 apposita
856 2056 928 2098 cum
951 2036 1076 2097 tabella
1119 2035 1177 2097 Sin
1202 2038 1258 2096 aut
1280 2034 1407 2113 perierit
1431 2039 1485 2096 aut
1499 2061 1530 2111 55

278 2128 370 2190 vobis
377 2131 449 2191 vsui
459 2132 528 2208 erit,
539 2153 596 2212 ego
604 2134 745 2211 experiar
756 2154 825 2196 mee
835 2154 947 2196 manus
959 2134 1151 2195 imitatorem
1161 2134 1228 2211 ipse
1239 2151 1348 2193 rursus
1358 2132 1484 2194 imitari.

320 2226 400 2289 Vale
415 2249 486 2290 cum
501 2231 694 2308 lepidissima
707 2233 846 2309 coniuge.

505 2410 608 2497 685,Μ
652 2410 751 2476 Fnou
775 2408 985 2474 Wrunrernn
1008 2409 1268 2475 Praenuaurnn.

315 2542 493 2617 Nuremberg
504 2546 562 2604 MS.
575 2546 628 2603 PP.
642 2546 693 2603 No.
708 2546 781 2617 330¹&
1212 2542 1435 2617 (timentem.)

1202 2630 1450 2704 (October1517.)

325 2744 371 2793 An
393 2747 543 2823 autograph
566 2746 652 2810 rough
674 2747 749 2798 dreit
765 2762 864 2824 among
888 2748 936 2797 the
957 2748 1143 2824 Pirckheimer
1163 2746 1299 2861 pggersat
1320 2744 1486 2821 Nummberg

278 2809 289 2870 (
319 2810 588 2874 .Ep.3221ntrod.).
622 2813 666 2861 An
684 2816 870 2875 approximate
892 2813 954 2863 date
972 2829 1023 2863 can
1039 2816 1072 2864 be
1088 2829 1178 2876 asergn
1229 2812 1300 2860 from
1317 2810 1365 2859 the
1384 2809 1484 2859 Luc1an

279 2874 311 2938 (t
328 2888 357 2936 ¹3
368 2881 410 2936 nl
422 2876 477 2926 ane
490 2877 538 2940 En·
550 2877 623 2943 δρψ]

321 2990 445 3054 Servvs
458 2994 512 3069 sis,
527 3014 639 3072 magne
653 2994 792 3056 Eraeme.
833 2995 913 3056 Dedi
927 2995 987 3055 hoc
1004 3014 1089 3055 anno
1108 2991 1229 3069 aliquas
1245 2992 1283 3053 ad
1303 2994 1334 3052 te
1348 2990 1485 3051 litterae:

280 3110 359 3170 quas
369 3090 440 3152 ideo
449 3095 481 3152 te
491 3091 575 3154 haud
586 3094 738 3170 accepisse
748 3093 897 3172 suspicor,
907 3093 1058 3171 quoniam
1069 3091 1108 3152 ad
1119 3090 1191 3150 illas
1202 3110 1266 3149 non
1278 3088 1486 3165 responderis3

278 3190 438 3269 siquidem
451 3190 544 3269 plane
562 3190 642 3251 mihi
661 3192 841 3268 persuadeo,
855 3190 915 3252 etsi
933 3188 1132 3270 grauioribus
1150 3192 1318 3264 occupatus
1336 3186 1379 3246 eie
1396 3205 1486 3263 nego

278 3288 345 3361 ciis,
370 3308 434 3349 non
453 3292 561 3350 tamen
581 3290 657 3350 adeo
678 3293 711 3349 te
731 3290 870 3350 amicicie
890 3290 958 3349 iura
980 3288 1138 3365 negligere
1159 3288 1195 3345 vt
1216 3287 1402 3362 prouocatus
1422 3302 1485 3343 non

279 3386 441 3449 rescribas
486 3388 621 3449 Homini
634 3388 732 3465 igitur
745 3388 800 3465 qui
814 3388 872 3448 tibi
886 3389 943 3448 has
957 3387 1128 3464 consignat,
1146 3385 1268 3445 litteras
1280 3385 1351 3442 tuae
1365 3391 1514 3458 quoquot

279 3484 484 3546 nrauissimas
499 3486 609 3546 reddes
624 3507 685 3561 oro,
700 3506 763 3546 non
778 3491 843 3548 tam
859 3487 922 3546 mei
937 3505 1032 3564 quam
1044 3485 1220 3545 amicorum
1234 3486 1362 3541 tuorum
1375 3479 1484 3557 gratia.

280 3603 359 3661 quos
381 3583 441 3644 tibi
458 3584 642 3645 innumeros
660 3584 762 3645 virtus
783 3588 837 3645 tua
858 3585 995 3663 peperit:
1023 3582 1179 3661 siquidem
1200 3579 1239 3641 ab
1260 3577 1325 3638 illie
1347 3576 1486 3654 quotidie

280 3682 466 3760 interpeller
493 3683 603 3761 ecquid
632 3684 809 3744 litterarum
837 3683 984 3744 columen
1009 3685 1080 3761 agat
1106 3679 1257 3747 nouerim,
1285 3696 1379 3755 quam
1405 3673 1486 3736 belle

280 3780 469 3841 eruditionis
489 3800 603 3858 parens
621 3780 731 3855 valeat,
753 3782 828 3858 quid
852 3783 1019 3855 moliatur,
1049 3800 1105 3858 ego
1126 3798 1201 3839 vero
1223 3796 1262 3836 ne
1283 3779 1337 3855 γρῦ
1358 3774 1487 3852 quidem

281 3880 365 3960 quod
380 3881 587 3957 respondeam
599 3880 708 3941 habeo.
752 3880 800 3941 Tu
819 3881 917 3958 igitur
930 3882 977 3942 iao
996 3883 1031 3941 vt
1051 3899 1089 3939 ex
1108 3882 1139 3939 te
1159 3877 1361 3955 potissimum
1376 3877 1488 3935 cuncta
1502 3895 1532 3930 ιο

282 3978 507 4056 intelligamus,
523 3998 558 4039 ao
572 3979 639 4039 tuis
651 3985 683 4040 et
698 3979 814 4039 nostris
827 3980 943 4057 pariter
957 3978 1066 4039 amicis
1080 3997 1137 4055 per
1150 3976 1292 4038 Slesiam.
1308 3973 1485 4049 saxoniam,

281 4080 312 4138 et
326 4075 514 4154 Duringinm
528 4076 705 4138 satisfacere
721 4076 884 4155 possimus

324 4174 418 4235 Mitto
431 4175 471 4235 ad
485 4178 516 4235 te
530 4175 663 4236 Luciani
678 4176 870 4236 Piscatorem
888 4196 960 4235 eum
979 4175 1110 4252 epistola
1123 4172 1294 4252 Capnionie
1308 4171 1487 4242 defenaiua;

283 4293 347 4336 non
361 4273 446 4352 quod
461 4293 528 4334 rem
541 4274 679 4352 aliquam
697 4274 825 4352 dignam
845 4293 895 4334 me
914 4273 1051 4333 effecisse
1070 4293 1201 4351 sperem,
1217 4271 1270 4332 sed
1287 4272 1321 4329 vt
1337 4268 1488 4328 Erasmus

283 4393 373 4435 meus
391 4372 496 4433 videat
514 4376 711 4451 quanticum
731 4372 909 4433 Bilibuldus
927 4373 1040 4434 faciat:
1073 4373 1133 4432 etei
1152 4372 1250 4431 sciam
1274 4367 1318 4428 nil
1340 4365 1488 4428 laudibus
1503 4387 1531 4437 15

314 4523 372 4572 ⁸84.
390 4536 430 4583 5ο.
449 4520 581 4584 expressit
593 4525 621 4568 D.
689 4534 771 4581 quem
783 4524 868 4578 smper
878 4538 882 4567 ε
900 4535 959 4580 qa:
979 4523 1037 4567 tum
1052 4523 1077 4565 D.
1189 4530 1229 4577 51·
1248 4515 1289 4562 αἱς
1308 4511 1485 4563 futurumst

283 4603 339 4703 gi·
360 4587 452 4685 rudem
464 4591 521 4635 cdd.
533 4590 563 4635 D.
649 4601 689 4647 55.
709 4587 831 4647 perlito.
917 4588 956 4644 56.
977 4588 1125 4633 manusb:
1143 4582 1271 4630 mannia.
1365 4593 1404 4641 57.
1425 4593 1486 4627 cum

353 4670 387 4701 α.

315 4787 373 4835 ott.
396 4800 416 4833 1.
434 4784 631 4848 litteras]1·lpp.
645 4798 701 4845 527.
716 4797 772 4845 555.
912 4798 927 4829 2
942 4784 1000 4831 Oct.
1017 4795 1095 4842 1517;
1113 4793 1157 4828 see
1175 4778 1304 4837 Becking,
1317 4776 1404 4839 suppl.
1420 4777 1446 4823 ii.
1464 4789 1484 4836 r,

315 4868 340 4903 s.
351 4849 861 4913 haudsccepisse]Pirckheimermakee
913 4863 938 4909 p.
951 4862 992 4909 99.

285 4917 418 4968 asimilar
429 4916 577 4977 complaint
590 4916 619 4962 in
632 4916 681 4977 Ep.
693 4930 750 4976 40⁹·
767 4929 820 4972 1-4.
977 4911 1104 4977 epistola]
1124 4912 1170 4960 An
1188 4914 1235 4969 Ep.
1251 4912 1390 4968 cpolopetr'rc
1409 4907 1438 4957 oi
1456 4908 1487 4955 26

318 4998 356 5046 ¹3·
376 4981 552 5045 Piscatorem]
560 4981 737 5042 Nurembcrg,
746 4980 774 5029 F.
782 4980 861 5043 Peyp,
914 4994 974 5042 pp.;
991 4979 1100 5042 printed
1114 4978 1142 5026 in
1155 4982 1214 5040 part
1230 4991 1260 5024 ns
1272 4976 1330 5024 HE.
1343 4976 1385 5033 64.
