3867 6034
402 757 405 763 ·
489 726 551 783 518
834 722 1025 783 LETTERS
1052 723 1105 783 ΟΡ
1133 722 1333 784 Erasmus
1594 720 1700 805 [¹5¹9

488 880 544 958 qui
558 880 665 939 literas
679 881 760 938 recte
779 881 896 939 amant.
938 879 1021 939 Nam
1039 877 1115 939 satis
1133 880 1251 955 gaudeo
1268 879 1351 957 quod
1370 880 1453 939 inter
1470 883 1595 941 caetera
1612 879 1700 941 dona

490 976 609 1039 Christi
627 976 725 1038 etiam
745 977 803 1037 hoc
821 982 1011 1051 numeratur,
1026 978 1108 1055 quod
1129 977 1240 1038 multis
1258 977 1424 1055 displices:
1446 998 1508 1055 quo
1528 998 1590 1057 ego
1606 999 1699 1057 argu·

490 1078 597 1135 mento
610 1073 695 1135 soleo
708 1073 881 1135 discernere
894 1075 977 1135 dona
990 1075 1155 1136 clementis
1169 1075 1229 1135 Dei
1243 1096 1261 1136 a
1276 1075 1367 1136 donis
1383 1075 1464 1137 irati.
1501 1076 1622 1154 Itaque
1636 1077 1696 1137 tibi

489 1171 629 1251 gratulor
637 1173 729 1250 quod,
742 1173 819 1233 dum
829 1192 954 1233 summe
964 1173 1112 1234 omnibus
1120 1172 1212 1234 bonis
1222 1173 1333 1251 placas,
1344 1192 1409 1234 non
1420 1174 1529 1234 miuus
1544 1174 1700 1253 displices

449 1296 478 1330 ιο
491 1270 530 1331 iis
543 1270 597 1348 qui
610 1270 670 1330 soli
683 1269 828 1331 omnium
841 1270 961 1331 summi
974 1290 1041 1331 esse
1054 1274 1086 1330 et
1099 1290 1223 1331 summe
1235 1270 1355 1347 placere
1369 1270 1491 1332 volunt

530 1368 592 1429 Sed
616 1387 673 1444 ego
694 1367 813 1428 stultus
836 1368 891 1446 qui
912 1371 944 1428 te
966 1368 1061 1428 talem
1086 1368 1191 1429 virum
1212 1369 1257 1429 sio
1279 1369 1379 1431 illotis
1402 1370 1552 1431 manibus
1574 1371 1697 1448 absque

490 1466 685 1526 reuerentiae
700 1469 732 1526 et
750 1466 880 1527 honoris
896 1465 1086 1542 praefatione
1100 1466 1199 1527 veluti
1215 1467 1498 1529 familiarissimum
1517 1468 1697 1547 aggredior,

489 1563 634 1641 ignotum
654 1562 788 1640 ignotus
826 1563 946 1623 Verum
967 1563 1055 1624 dabis
1075 1565 1134 1624 hoc
1154 1585 1211 1642 pro
1231 1568 1286 1626 tua
1310 1566 1509 1627 humanitate
1531 1587 1627 1629 meae
1646 1567 1698 1627 vel

490 1660 636 1721 charitati
645 1660 696 1721 vel
704 1660 878 1739 imperitiae
887 1682 896 1735 ;
907 1662 1160 1740 quandoquidem
1169 1683 1235 1740 ego,
1244 1663 1329 1723 inter
1337 1664 1494 1741 sophistas
1501 1670 1696 1744 consumpta

449 1785 476 1835 ¹⁵
489 1762 597 1834 aetate,
610 1780 666 1819 nec
674 1763 800 1821 tantum
808 1760 903 1820 didici
912 1763 947 1820 vt
955 1762 1115 1821 eruditum
1123 1761 1228 1822 virum
1237 1762 1355 1840 possim
1363 1782 1419 1840 per
1426 1762 1536 1823 literas
1543 1764 1695 1825 salutare.

489 1858 643 1937 Alioquin
657 1859 782 1937 quantis
795 1859 979 1920 iamdudum
990 1860 1092 1920 literis
1102 1862 1134 1920 te
1147 1860 1344 1939 fatigassem!
1366 1881 1422 1921 nec
1436 1881 1550 1940 passus
1563 1863 1697 1924 fuissem

490 1959 526 2016 vt
542 1959 692 2035 perpetuo
705 1960 742 2017 tu
756 1956 836 2017 mihi
850 1956 935 2017 solus
949 1957 1121 2036 loquereris
1134 1957 1168 2019 in
1183 1960 1326 2019 cubiculo
1339 1978 1419 2020 meo.

532 2055 624 2116 Nunc
636 2057 760 2135 quando
774 2075 812 2115 ex
825 2054 945 2133 optimo
959 2056 1097 2117 Fabritio
1112 2056 1263 2135 Capitone
1277 2058 1419 2120 intellexi
1432 2079 1488 2135 por
1502 2080 1608 2139 nugas
1622 2061 1696 2122 illas

491 2153 759 2232 indulgentiarum
785 2173 901 2214 nomen
926 2173 1033 2215 meum
1056 2155 1116 2215 tibi
1138 2156 1307 2233 cognitum,
1335 2160 1404 2218 tum
1431 2176 1470 2217 ex
1498 2159 1697 2236 praefatione

447 2277 478 2312 20
491 2253 667 2314 Enchiridii
684 2257 738 2314 tua
758 2253 972 2314 recentissima
991 2273 1056 2313 non
1077 2255 1168 2315 modo
1190 2255 1249 2314 tibi
1270 2256 1337 2317 visa
1355 2275 1422 2316 esse
1440 2255 1495 2315 sed
1514 2260 1549 2317 et
1567 2261 1697 2335 accepta

491 2371 561 2411 mea
573 2351 793 2426 tabulamenta
809 2371 901 2428 cogor
912 2370 1076 2429 agnoscere
1092 2352 1142 2412 vel
1162 2352 1391 2413 barbarissimis
1409 2351 1513 2413 literis
1529 2356 1694 2433 egregium

491 2452 582 2510 tuum
603 2450 759 2528 spiritum,
776 2450 840 2510 mei
858 2451 890 2509 et
909 2450 1053 2509 omnium
1072 2448 1348 2527 locupletatorem:
1376 2471 1559 2529 quanquam
1577 2455 1647 2514 scio
1665 2456 1696 2512 ta

491 2566 620 2624 prorsus
633 2567 689 2624 pm
705 2567 739 2607 re
758 2546 893 2607 minima
908 2545 1094 2607 habiturum
1113 2547 1195 2624 quod
1216 2547 1318 2608 literis
1334 2552 1494 2609 amantem
1512 2554 1547 2610 et
1565 2555 1692 2627 gratum

492 2664 544 2704 me
564 2644 704 2719 exhibeo,
725 2647 780 2722 qui
800 2644 924 2705 abunde
942 2647 1111 2705 contentus
1132 2665 1167 2705 ee
1188 2645 1272 2723 quod
1294 2647 1413 2707 occulta
1434 2651 1467 2706 et
1487 2649 1572 2726 apud
1593 2650 1696 2710 Deum

450 2767 479 2816 ²5
492 2741 684 2820 gratitudine
697 2746 729 2804 et
742 2743 893 2803 charitate
906 2743 1032 2803 animus
1044 2743 1078 2802 in
1092 2746 1125 2803 te
1138 2743 1237 2805 feruet
1251 2767 1259 2817 ς
1273 2746 1355 2806 sicut
1365 2748 1397 2805 et
1407 2765 1467 2805 nos
1479 2750 1529 2807 sat
1540 2746 1696 2808 habemus

493 2840 576 2918 quod
591 2840 763 2918 ignorantis
776 2841 868 2900 tuum
881 2839 1023 2900 animum
1035 2844 1067 2900 et
1081 2841 1179 2901 officia
1189 2840 1224 2901 in
1238 2842 1329 2903 libris
1339 2843 1499 2919 habemus,
1510 2843 1581 2904 sine
1593 2844 1695 2905 literis

493 2937 976 3016 etcorporistuiconuersatione.
999 2938 1071 2997 Non
1079 2941 1185 2999 tamen
1192 2940 1347 3017 patituret
1355 2939 1694 3018 pudoretconscientis

494 3057 559 3098 non
572 3036 739 3114 gratificari
753 3040 785 3096 et
799 3035 911 3105 verbis,
927 3035 1109 3111 praesertim
1122 3041 1288 3114 postquam
1300 3037 1401 3115 coepit
1413 3041 1445 3097 et
1458 3058 1576 3099 nomen
1588 3058 1696 3100 meum

494 3155 558 3196 non
573 3136 690 3210 laterc;
710 3156 750 3196 ne
768 3133 944 3211 malignum
962 3133 1109 3212 cuiquam
1124 3135 1226 3196 videri
1244 3136 1343 3212 possit
1362 3140 1393 3196 et
1407 3137 1564 3213 pessimae
1582 3136 1695 3215 speciei

452 3259 483 3306 30
494 3233 665 3296 silentium.
710 3234 769 3308 Ite,
794 3234 840 3293 mi
859 3232 1001 3307 Erasmo,
1016 3232 1065 3293 vir
1088 3233 1243 3308 amabilis,
1262 3234 1291 3295 si
1312 3234 1356 3294 ita
1377 3234 1437 3294 tibi
1457 3236 1565 3295 visum
1588 3235 1693 3307 fuerit,

494 3353 625 3411 agnosce
637 3337 669 3394 et
682 3334 768 3393 hunc
777 3332 980 3393 fraterculum
991 3330 1025 3392 in
1037 3331 1171 3400 christo,
1184 3333 1232 3392 tui
1247 3336 1329 3393 certe
1343 3336 1375 3392 et
1385 3332 1656 3395 studiosissimum
1665 3338 1698 3393 et

495 3433 757 3505 amantissimum,
775 3433 930 3491 caeterum
949 3450 1006 3507 pro
1025 3429 1150 3491 inscitia
1169 3450 1226 3490 sua
1241 3431 1323 3490 nihil
1339 3432 1488 3491 meritum
1502 3452 1601 3509 quam
1614 3437 1652 3492 vt
1664 3432 1698 3491 in

496 3526 612 3602 angulo
635 3525 778 3603 sepultus
800 3525 961 3586 communi
983 3524 1079 3584 etiam
1099 3524 1184 3584 coelo
1207 3528 1239 3584 et
1259 3524 1319 3585 soli
1342 3527 1469 3603 ignotus
1491 3529 1593 3586 esset:
1615 3526 1698 3603 quod

496 3627 528 3685 et
541 3644 604 3684 non
619 3625 708 3702 segni
720 3625 834 3686 affectu
848 3643 972 3701 semper
986 3623 1101 3700 optaui,
1120 3626 1156 3683 vt
1172 3624 1226 3701 qui
1246 3644 1346 3684 essem
1364 3623 1444 3683 mihi
1458 3622 1540 3683 belle
1555 3624 1701 3685 conscius

453 3746 483 3795 35
497 3742 584 3784 meae
594 3722 828 3801 suppellectilis
861 3722 923 3783 Sed
934 3721 1108 3799 nescioquo
1119 3722 1284 3800 fatolonge
1298 3723 1332 3782 in
1344 3720 1536 3783 eontrarium
1547 3742 1599 3783 res
1608 3722 1695 3796 abiit,

497 3824 535 3882 vt
552 3840 643 3897 cogar
661 3820 763 3881 multo
778 3820 897 3897 pudore
913 3819 979 3897 pati
997 3840 1082 3880 meas
1100 3819 1291 3897 ignominias
1307 3823 1340 3880 et
1359 3819 1517 3879 infelicem
1537 3819 1699 3882 inscitiam

497 3919 594 3978 etiam
607 3938 711 3979 coram
725 3918 825 3979 doctis
835 3919 953 3979 versari
966 3921 999 3978 et
1012 3918 1128 3978 iactari.

539 4016 706 4093 Philippus
719 4015 944 4076 Melanchthon
958 4036 1105 4093 prospere
1118 4015 1191 4095 agit,
1210 4015 1271 4076 nisi
1282 4017 1364 4093 quod
1375 4015 1430 4076 vix
1442 4017 1568 4075 tantum
1577 4018 1700 4077 efficere

498 4136 666 4196 possumus
689 4135 799 4177 omnes
821 4135 861 4175 ne
880 4113 1043 4175 literarum
1065 4114 1163 4175 nimia
1188 4115 1312 4176 insania
1332 4114 1522 4176 valetudinis
1544 4115 1697 4176 acceleret

454 4237 486 4286 40
498 4215 659 4277 iacturam.
696 4214 797 4274 Ardet
819 4233 875 4290 pro
896 4214 1007 4274 aetatis
1028 4214 1126 4273 caloae
1149 4214 1256 4274 omnia
1280 4212 1427 4273 omnibus
1452 4211 1549 4272 simul
1572 4213 1643 4274 fieri
1666 4217 1699 4274 et

499 4314 606 4376 lacere
643 4312 691 4374 Tu
710 4312 845 4373 officium
863 4310 980 4385 fecerh,
1000 4311 1029 4372 si
1049 4332 1104 4389 per
1123 4312 1231 4373 literas
1252 4313 1413 4373 hominem
1432 4310 1594 4373 monueris
1611 4315 1647 4373 vt
1663 4331 1697 4373 se

533 4492 572 4527 aa.
592 4477 646 4526 mei
656 4493 672 4523 a
684 4494 691 4525 z
707 4480 769 4524 meu
781 4478 820 4524 E:
838 4490 930 4524 meum
941 4479 973 4525 H.
1123 4476 1163 4524 2⁶.
1183 4475 1261 4523 libris
1271 4478 1355 4533 scripsi
1365 4477 1395 4534 rs.
1407 4478 1467 4532 Epp.
1477 4488 1535 4534 943.
1550 4489 1626 4536 30-1‚
1640 4489 1697 4537 953.

502 4557 579 4604 12-3:
596 4543 684 4591 literis
695 4546 724 4591 Ε.
835 4555 875 4602 35.
893 4541 945 4590 Sed
956 4558 990 4590 a:
1007 4541 1041 4590 Et
1052 4544 1081 4589 Ε.
1192 4543 1233 4601 38.
1252 4540 1412 4589 Melanthon
1425 4558 1449 4588 α.

536 4693 573 4741 18.
591 4690 776 4804 intellexiqln
789 4705 805 4738 a
817 4690 897 4739 letter
911 4689 1000 4739 before
1012 4689 1073 4740 m.
1126 4690 1226 4740 missed
1239 4691 1285 4739 the
1297 4704 1374 4738 senso
1385 4692 1419 4752 by
1431 4689 1541 4750 waiting
1553 4694 1703 4748 ignorantem

499 4770 540 4819 90,
554 4774 570 4817 4
581 4757 652 4819 Sept.
670 4769 713 4818 151
1124 4757 1228 4819 though
1234 4755 1273 4805 all
1281 4756 1325 4805 the
1336 4759 1543 4817 contemporary
1553 4755 1626 4804 texts
1633 4755 1701 4803 have

535 4837 572 4885 ι9
592 4821 770 4886 praefatione]
782 4822 831 4885 Ep.
844 4822 902 4884 858.
914 4835 963 4883 ⁴05
975 4837 1028 4884 seq.
1124 4825 1263 4881 ι’φωτωιέίι.

534 4890 574 4937 2⁶.
592 4888 752 4951 ignorantis]
781 4904 812 4937 sa.
837 4888 899 4937 tui:
933 4890 951 4937 i.
961 4903 984 4938 e.
1017 4890 1073 4935 ‘we
1157 4903 1197 4950 35.
1215 4884 1423 4950 suppellectilis]
1437 4886 1476 4935 Oi.
1489 4886 1561 4936 Pers.
1574 4903 1600 4945 4.
1613 4900 1655 4948 52.

501 4954 581 5004 know
589 4968 643 5016 you
654 4954 770 5003 without
777 4968 846 5015 your
857 4954 937 5016 being
946 4968 1034 5002 aware
1047 4953 1076 5001 of
1158 4967 1197 5012 41.
1216 4951 1366 5015 monueris]
1402 4951 1529 5000 Erasmus
1563 4950 1702 5013 complied

501 5020 545 5070 it’.
589 5018 701 5069 Modern
717 5018 819 5068 editors
836 5020 866 5068 ot
883 5020 989 5069 Luther
1006 5020 1073 5068 have
1125 5020 1193 5068 with
1205 5017 1262 5067 this
1273 5018 1360 5079 wish;
1376 5017 1409 5066 cf.
1424 5017 1540 5078 up.94·1.
1555 5032 1587 5077 ⁴2
1601 5033 1631 5068 n.
