3867 6034
405 712 467 774 ets
751 708 938 771 LETTERS
966 707 1022 769 01³
1048 707 1249 771 ERASMUS
1519 703 1625 789 [¹5¹9

404 866 601 940 sessionibus,
623 867 776 928 foeminae
804 885 876 926 cum
902 864 1017 943 primis
1043 861 1191 943 prudenti
1218 884 1253 925 ec
1282 863 1352 939 piae
1379 882 1440 924 nec
1468 863 1627 926 indoctae

404 967 598 1042 persuaserat
610 983 662 1025 me
675 963 797 1025 facinus
809 962 1022 1024 inexcusabile
1036 962 1220 1041 designasse,
1236 962 1292 1039 qrri
1304 961 1505 1040 Hieronymi
1521 962 1628 1025 libros

404 1064 602 1138 correxerim,
625 1061 687 1123 viri
714 1061 889 1122 doctissimi
916 1064 1011 1139 etque
1039 1061 1135 1122 etiam
1163 1061 1272 1122 saneti.
1314 1060 1361 1121 Ee
1388 1080 1552 1138 persuasa
1580 1065 1627 1123 sic

345 1187 391 1238 225
404 1160 581 1239 expostulat
594 1180 668 1221 cum
682 1159 783 1221 aulico
802 1160 937 1237 quodam
951 1159 1032 1219 mihi
1048 1158 1149 1220 emico
1163 1180 1171 1218 :
1195 1158 1343 1219 ‘Nonne’
1356 1159 1467 1238 inquit
1484 1160 1627 1221 ‘Hiero-

404 1278 522 1338 nymus
542 1258 603 1320 fuit
629 1259 680 1319 vir
702 1257 980 1319 eruditissimnsi'
1023 1256 1135 1317 ‘Fuit’
1179 1256 1309 1318 ‘Nonne
1330 1258 1365 1317 in
1384 1258 1487 1318 coelis
1510 1259 1627 1337 egiti'

406 1355 522 1434 ‘Agit'
564 1356 666 1432 ‘Quid
681 1359 752 1417 tum
764 1357 899 1433 postee‘?
939 1354 1008 1430 Quo
1021 1354 1121 1433 igitur
1133 1354 1236 1416 colore
1249 1354 1397 1415 defendes
1411 1357 1514 1417 tuum
1531 1356 1626 1419 Eres-

405 1474 506 1530 mum,
521 1454 576 1532 qui
590 1455 689 1515 libros
702 1453 789 1514 illius
803 1453 996 1514 correxerit?
1025 1454 1080 1513 An
1090 1452 1164 1530 plus
1177 1452 1260 1531 sapit
1273 1452 1327 1514 ille
1341 1472 1438 1531 quam
1454 1454 1626 1534 Hierony·

406 1555 524 1613 musf'
573 1554 679 1631 Atque
714 1552 822 1613 Mem
858 1551 910 1612 hic
943 1550 1123 1628 praedicant
1157 1550 1240 1612 serio
1273 1551 1328 1629 qui
1362 1551 1426 1612 sibi
1461 1552 1626 1614 videntur

346 1677 393 1727 230
405 1651 560 1711 Ecclesiae
596 1650 761 1711 columina
817 1649 910 1709 'Peles
942 1648 1094 1709 habemus
1127 1648 1330 1710 aduersarios.
1387 1648 1485 1711 Tales
1523 1652 1624 1713 habet

406 1748 525 1811 Christi
552 1749 663 1827 religio
691 1748 877 1809 defensores
923 1745 1013 1806 Nihil
1041 1748 1144 1825 potest
1170 1766 1237 1809 esse
1263 1747 1430 1825 stupidius,
1456 1750 1549 1810 nihil
1578 1751 1623 1811 in·

405 1846 529 1908 eulaius.
573 1847 616 1908 ut
636 1850 742 1907 tamen
762 1845 944 1907 huiusmodi
965 1845 1133 1905 calumniis
1149 1846 1231 1922 epud
1252 1845 1410 1907 indoctam
1430 1848 1568 1925 plebem
1587 1868 1623 1910 ac

405 1944 519 2004 stultas
531 1943 731 2004 mulierculas
744 1943 948 2004 traducimur.

447 2040 508 2103 Sed
530 2060 687 2119 nugarum
708 2041 773 2100 iam
793 2040 871 2101 satis
890 2044 947 2099 est.
992 2039 1091 2099 Porro
1115 2040 1197 2117 quod
1222 2042 1324 2102 serius
1348 2045 1531 2119 respondeo
1556 2045 1620 2106 tuis

345 2163 392 2215 ²35
405 2138 514 2214 literis,
530 2138 656 2217 quiduis
669 2140 775 2215 potius
788 2137 955 2215 suspiceris
969 2137 1004 2197 in
1017 2156 1110 2198 causa
1123 2137 1219 2199 fuisse
1238 2158 1333 2217 quam
1354 2141 1402 2201 tui
1420 2142 1619 2218 neglectum.

406 2236 528 2297 Obruor
548 2235 660 2297 cotidie
681 2236 844 2297 literarum
871 2234 1038 2296 fasciculis.
1083 2234 1118 2297 Si
1142 2255 1207 2297 non
1229 2238 1412 2315 respondeo,
1436 2240 1556 2301 videor
1575 2242 1619 2302 in·

404 2333 571 2396 humanus
614 2335 670 2396 Sin
686 2333 864 2412 respondeo,
879 2332 995 2410 triplex
1015 2334 1250 2395 incommodum
1269 2335 1376 2413 cepio:
1396 2336 1546 2413 primum
1562 2360 1619 2400 nec

405 2432 456 2493 his
476 2432 632 2494 satisfacio
652 2434 774 2511 quibus,
789 2434 825 2492 vt
842 2436 891 2492 est
910 2450 1043 2506 necesse,
1060 2432 1233 2509 respondeo
1253 2434 1402 2511 quicquid
1425 2435 1459 2494 iu
1483 2438 1617 2500 buccam

405 2531 514 2604 venit;
535 2532 647 2592 deinde
667 2530 850 2592 huiusmodi
869 2529 1078 2592 tumultuaria
1096 2530 1266 2607 scriptione
1281 2532 1393 2592 stilum
1415 2553 1473 2609 per
1490 2554 1527 2595 se
1539 2537 1617 2597 satia

346 2655 394 2703 240
408 2629 528 2689 malum
562 2629 657 2690 reddo
692 2629 898 2703 deteriorem3
932 2632 1091 2705 postremo
1125 2629 1226 2689 femee
1260 2615 1489 2692 detrimentum
1526 2635 1614 2695 facio.

407 2732 590 2794 Ridiculum
617 2739 723 2795 autem
752 2735 848 2795 melle
871 2734 910 2795 ab
934 2733 1017 2794 Italo
1040 2738 1146 2812 petere
1170 2734 1252 2813 quod
1277 2736 1363 2795 domi
1392 2736 1521 2800 habeas.
1564 2740 1616 2802 Sic

407 2831 522 2908 vulgus
552 2832 711 2893 existimet
739 2832 896 2910 optimum
930 2831 1089 2893 medicum
1117 2834 1171 2910 qui
1202 2854 1234 2893 se
1262 2832 1361 2912 fingat
1388 2835 1533 2898 Arabem
1561 2843 1616 2900 eut

406 2928 533 3005 Indum,
550 2950 567 2989 e
581 2930 721 2991 locorum
734 2929 904 2992 interuallo
917 2931 1035 2991 famam
1056 2950 1214 3009 aucupans
1230 2932 1313 3007 epud
1327 2932 1452 2993 stultos.
1499 2936 1562 2997 Sed
1576 2938 1614 2997 ab

406 3028 464 3087 hoc
492 3029 604 3090 effectu
629 3029 776 3091 conuenit
800 3029 938 3089 eruditos
966 3049 1061 3107 quem
1089 3029 1272 3107 longissime
1299 3032 1417 3093 abesse.
1460 3032 1614 3114 Quisquis

347 3150 393 3201 ²45
406 3126 499 3188 callet
513 3128 610 3189 bones
624 3128 741 3203 literas,
756 3129 784 3188 ie
797 3127 888 3188 nobis
902 3126 1006 3188 Italus
1020 3147 1086 3188 esse
1101 3128 1199 3190 debet.
1245 3129 1323 3189 Mihi
1337 3131 1469 3207 posthac
1485 3153 1552 3194 non
1567 3137 1614 3195 est

406 3225 574 3287 consilium
588 3245 661 3288 cum
671 3226 730 3286 hoc
742 3226 908 3287 homiuum
919 3245 1031 3304 genere
1042 3246 1155 3287 manus
1165 3246 1331 3288 conserere.
1363 3228 1433 3289 Iam
1444 3235 1615 3295 veteranus

405 3343 478 3384 sum
491 3344 526 3385 ac
542 3324 692 3386 missione
706 3325 840 3403 dignus;
861 3307 903 3385 et'
911 3343 1004 3384 cursu
1024 3324 1163 3384 defessus
1177 3325 1267 3386 vobis
1283 3325 1451 3389 iuuenibus
1469 3328 1615 3408 lampada

406 3422 502 3483 trado.
547 3422 606 3483 Vel
634 3422 703 3483 sine
734 3442 785 3483 me
812 3422 972 3499 continget
999 3424 1032 3482 τὸ
1061 3424 1200 3496 ἐπινίκιον,
1231 3423 1260 3484 si
1289 3425 1383 3483 modo
1410 3444 1525 3504 perges
1553 3451 1613 3508 qua

406 3519 544 3597 coepisti.

345 3643 394 3693 250
447 3617 617 3695 Philippus
630 3618 853 3679 Melanchthon
868 3618 950 3695 apud
965 3636 1017 3677 me
1031 3620 1160 3694 patrono
1174 3639 1239 3679 non
1253 3623 1323 3698 eget
1335 3623 1391 3681 eut
1406 3621 1612 3699 deprecatore.

406 3714 508 3775 Faueo
530 3714 694 3776 inueniet
715 3716 930 3776 cuimexime.
975 3714 1145 3793 Plusquem
1172 3720 1261 3778 atrox
1284 3718 1399 3779 iniuria
1421 3719 1466 3780 sit
1490 3727 1612 3802 oportet

407 3832 485 3890 quae
499 3812 581 3889 apud
596 3833 647 3874 me
661 3814 789 3874 dirimet
803 3813 981 3873 amicitiam.
1108 3803 1113 3814 ¹

448 3910 537 3969 Bene
549 3910 628 3985 vele,
647 3911 787 3971 Louenii.
805 3912 900 3971 Anno
914 3930 1052 3971 numm.
1070 3931 1100 3973 x.
1117 3912 1189 3973 Kal.
1209 3913 1310 3975 Maias

441 4104 495 4153 228.
516 4106 663 4153 correxerit
673 4121 707 4152 c:
725 4105 840 4153 correxit
852 4107 882 4151 N.
968 4118 1024 4165 233.
1042 4103 1142 4153 stultas
1153 4122 1185 4153 a:
1203 4105 1340 4168 simplices
1351 4110 1384 4155 Η.
1463 4123 1522 4169 241.
1541 4112 1613 4160 ltalo

407 4183 440 4216 c:
458 4168 581 4219 ItelieB.
647 4184 705 4230 247.
723 4169 887 4218 defessuse:
905 4168 1032 4219 fassust).
1101 4173 1157 4231 248.
1176 4169 1274 4220 rdcdd.
1288 4174 1323 4221 H.
1388 4187 1446 4234 250.
1466 4175 1613 4239 Philippus

408 4235 713 4350 Χ.Ιξεῖ5ἰῃιίιέ8ιί;ῗὶεειῗι
729 4239 786 4285 odd.
804 4239 827 4283 Ε
842 4233 911 4297 (250.
930 4238 991 4299 eget
1007 4238 1045 4283 l':
1067 4238 1143 4297 esget
1159 4236 1200 4299 Ε).
1326 4250 1382 4298 253.
1407 4240 1492 4289 Anno
1509 4246 1569 4290 cdd.
1586 4244 1610 4296 β.

408 4500 642 4561 london,1775,ii.
663 4500 772 4561 1014,5).
807 4500 851 4547 He
867 4500 986 4549 adhered
1032 4500 1158 4563 Chapuye
1177 4501 1286 4549 secured
1305 4501 1349 4550 his
1371 4501 1481 4566 release,
1504 4505 1560 4554 and
1579 4507 1612 4554 he

409 4563 510 4627 loyally
524 4569 552 4613 to
565 4565 724 4622 Katharine,
737 4566 792 4614 end
807 4580 837 4615 ee
851 4580 867 4613 a
886 4580 984 4627 person
1032 4566 1163 4616 returned
1178 4569 1207 4615 to
1220 4566 1314 4629 Spain,
1331 4569 1359 4615 tc
1376 4572 1479 4618 receive
1499 4572 1531 4620 in
1552 4573 1613 4632 1538

409 4631 455 4678 ‘of
472 4633 543 4679 most
560 4630 726 4693 simplicity’
747 4646 803 4680 was
824 4631 938 4680 allowed
957 4634 985 4680 to
1032 4631 1079 4679 the
1097 4632 1193 4681 united
1213 4646 1270 4681 sees
1291 4633 1320 4681 of
1339 4634 1488 4695 Ampuries
1509 4638 1539 4685 in
1559 4637 1611 4686 ΝΕ.

409 4696 514 4744 remain
527 4695 595 4744 with
608 4698 657 4744 her
668 4697 739 4745 efter
750 4695 798 4745 the
810 4697 919 4746 divorse
930 4712 986 4745 was
1033 4696 1173 4746 catalonia
1187 4698 1241 4746 and
1257 4698 1367 4761 Tempio
1384 4700 1413 4747 in
1430 4700 1461 4748 N.
1476 4701 1612 4752 Sardinia.

408 4762 591 4821 pronounccd.
626 4763 663 4810 At
686 4763 735 4810 her
763 4762 845 4811 death
875 4763 899 4824 (7
923 4763 987 4812 Jan.
1034 4763 1205 4812 SseBrewer
1219 4764 1275 4812 end
1293 4765 1392 4824 (lame,
1410 4766 1465 4815 arrd
1478 4768 1611 4818 athoud.

412 4828 487 4889 1536)
499 4828 534 4876 hs
551 4828 622 4877 tried
640 4832 667 4876 to
680 4842 772 4889 escape
788 4832 816 4877 to
831 4829 925 4891 Spain,
937 4829 986 4877 but
1035 4830 1100 4878 xxii.
1113 4844 1155 4892 31,
1169 4828 1222 4877 LB.
1236 4844 1285 4891 979
1300 4831 1376 4893 (1108
1387 4833 1444 4888 esi.

410 4905 466 4940 was
477 4893 575 4955 caught
587 4894 643 4942 and
659 4894 832 4956 imprisoned.
868 4895 902 4942 In
914 4894 986 4958 Sept.
1069 4896 1124 4954 24⁶.
1145 4894 1300 4959 veteranus]
1319 4895 1358 4945 cf.
1372 4896 1508 4957 nissae
1521 4914 1575 4961 105.
1588 4915 1611 4960 3.
