3867 6034
464 700 524 762 154
812 700 1000 763 narrans
1028 700 1081 761 or
1109 699 1308 763 massus
1563 695 1659 781 [ιω

461 855 628 916 sarcinulis
646 857 840 934 occupatior3
860 859 1001 917 attamen
1020 857 1161 919 Praesuli
1179 861 1287 918 nostro
1300 861 1332 918 et
1347 856 1490 917 libellum
1506 860 1538 917 et
1552 855 1662 917 literas

461 955 534 1013 tuas
547 953 676 1014 ostendi.
719 953 839 1014 Literas
852 953 892 1013 ad
906 955 938 1013 te
955 953 1056 1031 ipsius
1071 955 1208 1022 nomine,
1223 957 1260 1015 vt
1275 954 1417 1029 iusserat,
1432 954 1551 1031 scripsi
1594 953 1661 1032 Ego

434 1048 684 1127 5pusillanimus
703 1071 766 1110 non
783 1050 936 1111 audebam
956 1050 1015 1110 tibi
1033 1052 1175 1128 scribere,
1198 1052 1281 1130 quod
1298 1052 1465 1130 indignum
1486 1071 1539 1111 me
1558 1051 1661 1112 existi·

461 1166 587 1207 marem.
604 1148 659 1224 qui
680 1151 770 1208 tanto
789 1149 857 1209 viro
879 1148 1053 1210 scriberem.
1109 1149 1192 1211 Noui
1212 1150 1444 1210 humanitatem
1464 1152 1561 1222 tuam,
1584 1150 1660 1209 noui

460 1243 587 1304 facilem
599 1246 638 1305 ad
654 1248 685 1305 te
699 1246 830 1306 aditum.
868 1245 987 1306 Verum
1000 1250 1036 1306 tu
1050 1265 1115 1307 non
1128 1247 1212 1307 nosti
1225 1246 1380 1307 deiectum
1395 1247 1537 1307 animum
1553 1265 1661 1305 meum

460 1346 494 1403 et
508 1344 726 1404 meticulosum
745 1344 873 1422 genium
893 1345 927 1403 in
945 1344 1119 1406 scribendis
1132 1345 1243 1405 literis.
1285 1344 1395 1405 Habeo
1408 1344 1504 1405 huius
1519 1345 1564 1404 rei
1576 1364 1661 1405 vera·

461 1441 623 1502 cissimum
637 1446 758 1517 testem,
775 1440 1034 1503 candidissimum
1048 1443 1217 1504 Selandum
1231 1443 1407 1503 Borsalum.

418 1566 448 1601 1ο
501 1539 595 1600 Liber
617 1541 837 1616 Querimoniae
857 1540 948 1600 Pacis
968 1541 1139 1619 perplacuit
1163 1560 1228 1601 non
1252 1541 1356 1601 solum
1384 1540 1661 1601 Reuerendissimo

460 1637 515 1697 sed
537 1641 569 1696 et
590 1658 609 1698 a
628 1639 768 1699 consiliis
787 1638 866 1699 viris
884 1638 983 1699 doctis
1001 1643 1033 1699 et
1050 1639 1198 1717 Philippo
1217 1640 1338 1700 Montio
1355 1638 1547 1715 procuratori
1561 1636 1660 1710 aulae,

460 1734 516 1812 qui
539 1755 648 1796 omnes
667 1756 705 1796 ex
725 1737 833 1796 animo
854 1736 914 1796 tibi
934 1736 1049 1798 fauent.
1092 1738 1237 1815 Praelegi
1258 1736 1532 1797 Reuerendissimo
1554 1735 1662 1795 literas

460 1853 539 1911 quas
562 1834 724 1911 scripsisti.
767 1834 840 1911 Egit
864 1834 989 1912 gratias,
1015 1839 1047 1896 et
1071 1836 1141 1896 risit
1164 1836 1247 1913 quod
1270 1835 1309 1896 de
1332 1834 1466 1911 gliribus
1488 1834 1521 1891 et
1542 1832 1662 1893 cuculis

460 1929 618 1991 addidisti.
663 1932 805 2009 Praelegi
819 1935 979 2010 praeterea
995 1932 1103 1994 literas
1117 1953 1194 2011 quas
1207 1932 1288 1993 mihi
1306 1932 1445 2005 misisti;
1467 1930 1662 2006 miraturque

418 2046 447 2097 15
460 2027 499 2089 de
520 2029 690 2090 sacerdotio
714 2029 839 2090 Erasmi
864 2029 1084 2105 iurisconsulti,
1107 2051 1200 2109 quem
1225 2032 1259 2091 in
1282 2029 1448 2109 Hispaniis
1471 2047 1538 2089 esse
1562 2030 1661 2104 putat.

461 2124 631 2187 Polliceare
658 2128 726 2202 tibi,
751 2126 929 2188 doctissime
957 2127 1095 2203 limenas,
1122 2130 1160 2190 de
1189 2128 1338 2206 Philippo
1365 2126 1514 2189 Praesule
1542 2128 1659 2198 nostro,

460 2224 563 2284 amico
587 2229 651 2301 tue,
668 2226 815 2304 quicquid
837 2228 875 2287 de
896 2227 1086 2287 amicissimo
1106 2228 1248 2306 principe
1267 2226 1408 2304 polliceri
1429 2223 1556 2303 poteris.
1598 2224 1661 2284 Vix

461 2321 529 2383 dies
551 2325 697 2400 praeterit
717 2325 785 2386 sine
810 2327 971 2387 mentione
992 2326 1060 2387 tui:
1088 2325 1244 2402 habetque
1266 2326 1300 2384 in
1322 2325 1430 2384 animo
1455 2326 1486 2383 te
1507 2341 1661 2382 accersere

461 2420 500 2479 ad
520 2420 696 2498 proximam
716 2424 985 2502 quadragesimam
1006 2444 1079 2484 cum
1099 2421 1296 2501 hyrundines
1320 2421 1482 2496 redierint,
1507 2423 1539 2481 et
1560 2428 1663 2481 osten·

418 2538 449 2574 ao
461 2517 535 2577 dere
557 2519 651 2580 rebus
672 2524 826 2598 quantum
846 2526 878 2582 te
895 2522 977 2583 colat
994 2521 1224 2600 eruditionique
1241 2523 1312 2580 tuae
1331 2520 1443 2580 faueat.
1488 2518 1614 2579 Interea
1630 2522 1660 2577 et

461 2619 497 2676 tu
511 2616 628 2678 scribes
646 2618 812 2696 aliquando
830 2620 1110 2696 Reuerendissimo,
1127 2623 1159 2681 et
1172 2639 1229 2697 ego
1245 2638 1309 2679 non
1325 2619 1429 2680 sinam
1447 2620 1483 2677 rt
1500 2619 1591 2677 tanta
1607 2618 1662 2676 tua

462 2733 533 2792 erga
546 2714 728 2777 Praesulem
742 2721 889 2779 nostrum
901 2718 1013 2780 merita
1025 2722 1080 2780 aut
1094 2718 1283 2779 intercidant
1295 2720 1349 2778 aut
1362 2717 1531 2776 intereant.
1569 2713 1661 2774 Nouii

461 2814 628 2875 candorem
650 2817 740 2894 saepe
762 2818 884 2896 saepius
906 2820 1052 2895 expertus
1076 2837 1159 2879 sum.
1201 2816 1273 2878 Tibi
1295 2815 1435 2893 gratulor
1456 2813 1539 2893 quod
1562 2812 1659 2873 talem

461 2914 572 2973 nactus
585 2913 630 2974 sis
643 2913 799 2991 hospitem
813 2915 953 2994 talesque
966 2916 1167 2976 conuictores.

418 3026 447 3077 ²5
501 3010 587 3071 Bene
600 3011 678 3087 vale,
694 3012 831 3091 profesto
845 3014 895 3073 die
909 3015 947 3074 D.
965 3013 1094 3074 Nicolai.
1136 3014 1197 3073 Aa.
1212 3030 1361 3072 mraxvrr.

716 3198 818 3284 728,68
862 3198 961 3263 Facu
985 3198 1175 3262 Pn1n1r0r
1199 3198 1405 3262 Buscuunr.

495 3332 659 3388 Auctarium
674 3353 703 3405 p.
715 3350 776 3405 219
1396 3329 1579 3387 Vollenhove.

496 3417 527 3475 l'.
540 3437 567 3489 p.
584 3434 649 3488 171:
668 3421 740 3477 HN:
761 3422 848 3478 Lond.
860 3420 900 3476 iii.
913 3436 964 3489 47:
983 3421 1038 3476 LB.
1053 3422 1113 3476 282.
1349 3421 1366 3475 6
1378 3416 1535 3474 December
1550 3428 1625 3485 1517.

494 3558 675 3607 PHILIPPVS
697 3560 743 3607 DE
765 3560 965 3609 BVRGVNDIA
987 3560 1047 3607 DEI
1068 3559 1112 3607 ΕΤ
1132 3557 1359 3606 APOSTOLIGAE
1382 3556 1479 3604 sams
1501 3553 1627 3602 GRATIA

657 3663 836 3712 EPISCOPVS
858 3663 1044 3713 accursus
1065 3661 1306 3711 maurensis
1329 3659 1464 3708 ERASMO

894 3766 1125 3815 Bursaonum
1147 3765 1173 3814 S.
1194 3766 1227 3812 D.

502 3878 695 3939 Docrrssrrrs
707 3882 800 3957 atque
811 3879 902 3941 nobis
912 3878 1115 3940 dilectissime
1126 3877 1265 3952 Erasme,
1276 3877 1382 3937 literas
1395 3878 1465 3934 tuas
1475 3872 1658 3951 recepimus,

462 3994 541 4052 quae
565 3975 656 4036 nobis
675 3976 758 4037 inter
777 3980 825 4038 tot
846 3997 942 4053 curas,
965 3978 1079 4055 quibus
1099 3997 1163 4037 non
1184 3994 1295 4053 parum
1316 3992 1489 4051 grassamur,
1513 3990 1659 4048 magnam

460 4073 596 4136 attulere
618 4075 823 4152 voluptatem.
868 4076 959 4136 Pacis
983 4074 1185 4150 Querimonia
1208 4072 1400 4134 nouaclum
1425 4071 1517 4131 nobis
1545 4069 1660 4147 quibus

460 4172 652 4234 nominatim
666 4172 806 4233 dedicata
818 4178 874 4247 est,
889 4174 942 4234 ssd
954 4173 1102 4234 omnibus
1115 4192 1189 4234 vere
1202 4172 1397 4247 Christianis,
1409 4188 1533 4231 summe
1546 4167 1656 4245 placet.

433 4287 447 4336 5
460 4270 616 4332 Nolumus
625 4270 833 4332 eruditionem
844 4275 932 4332 tuam
944 4272 990 4332 ita
1002 4271 1098 4331 latere
1107 4273 1143 4331 vt
1157 4269 1251 4347 glires
1263 4273 1295 4330 et
1309 4268 1412 4329 cuculi
1421 4269 1539 4328 latent:
1560 4265 1661 4343 magis

494 4409 550 4458 727.
569 4423 593 4471 9.
612 4409 759 4458 Selandum
770 4413 810 4458 D:
826 4409 956 4459 Ioannem
969 4413 1001 4458 H
1139 4423 1177 4457 ιο.
1196 4406 1431 4457 Reuerendissimo
1442 4409 1479 4453 D:
1495 4405 1615 4467 praesuli
1626 4408 1659 4453 H.

462 4489 501 4524 ra.
517 4475 751 4525 Reuerendissimo
766 4479 803 4525 D:
827 4475 949 4538 episcopo
964 4478 998 4526 H.
1120 4488 1160 4524 ar.
1183 4473 1418 4522 Reuemndisslmo
1434 4475 1471 4520 D:
1494 4470 1537 4519 illi
1553 4473 1588 4532 H,
1606 4477 1660 4519 anta

460 4541 567 4590 scribes
668 4555 708 4603 25.
727 4554 845 4590 unxvn
857 4547 892 4591 H:
909 4554 1056 4590 1>.1ι.1>.ι1’11
1066 4544 1096 4588 D.
1197 4539 1255 4589 728.
1272 4552 1321 4587 rrr.
1340 4552 1375 4587 nr
1386 4541 1422 4585 D:
1440 4552 1458 4584 a
1468 4540 1501 4585 H.

495 4658 581 4720 7223.
590 4657 1036 4722 literaspocompanyingapcaa.
1122 4670 1160 4718 15.
1177 4656 1208 4704 in
1220 4654 1374 4718 Hispaniis]
1385 4653 1425 4704 ci.
1438 4654 1487 4715 Ep.
1501 4667 1557 4715 714.
1572 4666 1641 4715 1511.

493 4740 518 4785 4.
534 4724 652 4788 Literas]
663 4724 701 4774 Gi.
716 4725 763 4787 Ep.
776 4738 832 4785 7¹4·
849 4738 871 4773 1.
1115 4722 1172 4771 728.
1184 4736 1207 4784 5.
1220 4721 1303 4785 glires
1314 4724 1341 4769 et
1350 4718 1451 4831 cucmiq
1464 4720 1592 4768 Erasmus
1604 4718 1660 4767 had

492 4804 517 4850 9.
535 4788 690 4854 Bcnalum]
702 4790 750 4838 See
763 4790 811 4852 Ep.
824 4804 870 4850 291
885 4787 985 4839 introd
1086 4787 1226 4850 evidently
1237 4786 1302 4837 used
1318 4786 1394 4836 these
1411 4799 1439 4834 sc
1451 4784 1660 4846 idepreciatory

496 4868 534 4904 rr.
551 4855 667 4919 Montio]
679 4854 718 4905 Oi.
730 4855 797 4919 Epp.
812 4868 869 4916 759,
880 4856 937 4904 811.
1086 4852 1174 4903 words
1194 4852 1240 4915 (oi.
1265 4854 1331 4915 Epp.
1356 4867 1413 4913 727·
1438 4864 1476 4913 13,
1502 4851 1557 4911 758.
1580 4851 1609 4913 6)
1629 4850 1658 4897 in

496 4935 535 4969 ra.
553 4921 646 4969 literas
670 4921 884 4982 accompanying
896 4920 945 4982 Ep.
958 4934 1016 4981 714.
1085 4918 1224 4982 declining
1240 4933 1317 4969 anew
1333 4917 1449 4979 Philip's
1466 4916 1615 4965 invitation
1633 4918 1660 4963 to

495 5001 532 5047 14·
551 4985 645 5035 literas
670 4986 720 5047 Ep.
734 5000 791 5047 71⁴·
1084 4983 1129 5034 his
1139 4983 1290 5035 bousehold
1301 4983 1345 5048 (ci.
1357 4999 1382 5046 p.
1398 4982 1448 5044 14).
