3867 6034
313 701 386 787 m]
499 785 573 850 ⁷22.
617 784 667 848 'lo
689 783 876 862 Hanunea,
897 782 1018 850 Ooour
1038 801 1081 849 or
1102 784 1313 853 Nrorrrna
1445 706 1501 766 151

344 913 485 971 Dercnter
495 912 556 969 MS.
568 930 610 984 91,
624 913 643 969 f.
658 929 691 984 73
704 920 744 968 νο.
1229 911 1363 969 louvain.

344 1001 562 1073 LB.App.210.
1129 998 1467 1074 30Novenber<1517).

478 1120 548 1186 [The
558 1122 696 1183 year-dato
707 1136 758 1171 can
769 1122 853 1184 easily
864 1124 896 1171 be
906 1121 1032 1185 supplied
1043 1122 1113 1172 from
1126 1121 1173 1171 the
1185 1120 1332 1186 contenta]

347 1235 428 1311 uP,
439 1237 639 1298 ornatissime
649 1238 772 1300 Oomee.
808 1237 915 1299 Pridie
922 1237 1037 1299 natalis
1043 1238 1188 1297 Andreae
1201 1236 1320 1297 reddite
1334 1240 1409 1304 sunt
1422 1234 1500 1298 mihi

306 1337 377 1394 tuae
396 1334 518 1395 litterae
537 1336 576 1395 sd
598 1335 700 1396 Lucae
727 1336 864 1397 natalem
884 1338 1036 1413 scriptae:
1066 1336 1143 1396 adeo
1161 1334 1282 1396 volauit
1302 1338 1319 1395 ὁ
1337 1360 1499 1416 γραμματο·

307 1431 394 1507 φόρος
413 1435 430 1493 ὀ
449 1434 603 1509 βέλτιστος
623 1436 733 1496 ἐκεῖνος.
776 1434 902 1494 Adeas
920 1437 957 1494 vt
977 1433 1084 1510 paucis
1103 1433 1315 1510 respondeam,
1338 1433 1438 1507 emici,
1461 1432 1500 1493 de

306 1547 368 1605 quo
380 1529 499 1605 scribis,
515 1531 658 1592 animum
674 1531 788 1605 lsudo;
808 1534 961 1592 caeterum
980 1532 1055 1609 quid
1071 1550 1127 1609 ego
1145 1531 1193 1591 illi
1206 1530 1325 1609 poesim
1337 1551 1404 1592 ease
1417 1531 1496 1604 vsui,

308 1627 420 1688 nescio.
474 1627 547 1706 Ipse
573 1628 650 1688 noui
677 1649 783 1689 meam
813 1629 1023 1705 imperitiam
1053 1628 1194 1689 studium
1221 1630 1252 1688 et
1281 1627 1408 1689 animus
1435 1645 1525 1693 nous

305 1724 413 1800 deerit,
427 1726 610 1803 praesertim
630 1726 687 1787 tali
702 1727 811 1787 amico.
851 1727 965 1787 Vereor
984 1726 1019 1786 in
1036 1723 1232 1805 pedag(og)io
1248 1724 1390 1800 Lilieusi,
1410 1726 1499 1786 cuius

305 1822 482 1883 moderator
501 1825 550 1883 est
571 1824 621 1884 vir
641 1824 681 1883 ed
706 1824 842 1901 optimas
868 1822 1051 1901 disciplinae
1076 1843 1111 1883 ac
1137 1823 1366 1884 humanitatem
1393 1826 1495 1884 natus.

307 1918 377 1980 Non
400 1921 500 1981 deerit
526 1921 576 1981 illi
602 1922 720 1997 hospiti
746 1920 841 1994 locus,
868 1921 895 1981 si
918 1922 1012 1982 modo
1034 1921 1077 1982 sit
1103 1921 1185 1998 quod
1210 1920 1267 1981 illo
1291 1920 1422 1999 dignum
1446 1921 1496 1982 sit

305 2016 353 2077 lix
370 2018 474 2096 legato
492 2018 629 2079 Buslidii
646 2039 747 2096 nuper
768 2019 909 2079 defuncti
926 2019 1111 2080 instituetur
1129 2019 1180 2080 hic
1199 2018 1325 2097 publica
1337 2018 1493 2096 professio,

303 2134 400 2193 esque
417 2118 561 2194 gratuita,
579 2118 678 2177 trium
698 2117 885 2194 linguamm,
906 2116 1029 2192 Grecae,
1047 2117 1185 2190 Latinae,
1206 2116 1386 2178 Hebrsioae.
1428 2116 1496 2177 Iam
1512 2125 1543 2162 ¹⁰

301 2213 390 2275 adest
413 2214 574 2276 Mattheus
594 2215 650 2275 ille
671 2215 817 2275 Reuolini
838 2216 960 2276 umicus
975 2234 1070 2292 quem
1092 2214 1184 2287 noeti,
1206 2214 1361 2275 destinato
1384 2213 1497 2275 salario

301 2312 353 2373 hic
371 2314 575 2390 professurus,
596 2314 654 2389 vir,
672 2317 709 2374 vt
729 2313 810 2373 mihi
826 2313 961 2388 videtur,
977 2314 1012 2373 in
1029 2312 1097 2375 suis
1113 2312 1227 2374 litteris
1243 2311 1363 2390 egregie
1376 2312 1495 2373 doctus.

301 2408 372 2470 Non
386 2411 516 2472 deerant
528 2410 659 2471 interim
671 2411 727 2489 qui
742 2412 839 2472 Grece
850 2411 1080 2488 profiterentur.

341 2507 407 2569 Nos
421 2509 456 2570 in
470 2508 585 2569 studiis
598 2529 707 2570 sumus
720 2510 790 2586 toti,
801 2510 967 2589 presertim
981 2509 1016 2569 in
1030 2509 1272 2588 recognoscendo
1287 2508 1377 2568 Nouo
1391 2506 1496 2568 Tecta·

299 2608 426 2667 mento:
457 2606 539 2683 quod
562 2607 685 2667 vtinam
713 2626 877 2685 nunquam
903 2607 1099 2686 attigissem!
1140 2606 1175 2667 Si
1198 2605 1256 2666 hec
1281 2608 1330 2665 est
1356 2603 1493 2665 conditio
1509 2616 1539 2667 15

298 2702 484 2777 studiorum,
496 2704 768 2781 prestatdormire
808 2705 927 2766 Tamen
935 2705 993 2766 hec
1003 2705 1175 2783 peragenda
1183 2702 1353 2764 estfabula
1389 2701 1495 2763 Audio

298 2807 330 2860 ts
348 2800 473 2879 publice
494 2802 564 2862 istic
584 2802 724 2879 profiteri
744 2803 840 2864 Grece
860 2807 953 2882 atque
972 2802 1133 2864 Hebraico.
1177 2799 1347 2861 Ofoelices
1362 2798 1492 2874 litterae,

298 2898 358 2957 eia
370 2898 486 2959 talibus
505 2899 583 2960 viris
605 2902 732 2961 tractari
750 2901 917 2979 coeperint,
933 2922 993 2979 que
1006 2920 1062 2978 per
1078 2900 1157 2961 istos
1173 2898 1326 2975 quosdam
1339 2898 1403 2960 τοὺς
1416 2902 1445 2958 δν
1457 2899 1494 2976 τῇ

298 2995 399 3075 λεοντῇ
411 2996 544 3073 πθήκοικ
556 2997 831 3075 impudentissime
845 2999 1075 3060 contaminatae
1089 2999 1174 3058 eunt

338 3093 510 3172 Episcopus
536 3095 745 3156 Traiectemis
769 3097 893 3175 scripsit
919 3097 1048 3174 quidem
1074 3095 1114 3155 ad
1138 3114 1198 3171 me,
1222 3092 1405 3171 significans
1431 3091 1493 3153 sibi
1506 3105 1539 3142 ²0

300 3193 333 3251 in
359 3191 466 3252 auimo
486 3211 554 3253 esee
577 3196 613 3253 vt
634 3212 686 3252 me
711 3197 855 3270 accersat,
879 3194 985 3256 nescio
1005 3212 1069 3271 qua
1094 3211 1166 3269 epe:
1197 3194 1280 3251 certe
1299 3190 1359 3251 hac
1378 3190 1492 3267 hyeme

299 3309 364 3350 non
377 3294 467 3350 muto
481 3290 602 3351 nidum.
644 3290 761 3369 Scripsi
781 3312 881 3368 nuper
898 3290 937 3351 ad
953 3295 985 3352 te
1003 3310 1059 3368 per
1071 3288 1258 3361 Banisium;
1279 3307 1319 3347 an
1336 3285 1490 3364 acceperis

299 3387 409 3448 nescio.
453 3388 540 3448 Bene
557 3388 635 3463 vale,
658 3389 770 3450 Comes
789 3391 995 3451 ornatissime.
1039 3388 1215 3449 Venanstio
1235 3386 1353 3463 optimo
1374 3384 1492 3462 optime

298 3485 375 3559 volo,
391 3488 484 3563 atque
497 3486 575 3545 item
588 3487 740 3548 Caesario.
783 3487 917 3549 Louanii
931 3485 1037 3547 Natali
1049 3485 1201 3546 Andreae.

338 3582 424 3662 Rogo
437 3588 473 3644 vt
488 3583 658 3658 Oeensium,
676 3605 770 3662 quem
783 3605 878 3660 amas,
894 3584 1020 3645 vberius
1033 3589 1065 3644 et
1079 3581 1262 3662 propensius
1275 3599 1368 3640 ames.
1505 3595 1534 3646 ²⁵

603 3775 707 3859 723,⁴⁴
749 3774 798 3838 Το
822 3774 986 3837 Wrrmlu
1010 3771 1186 3835 Burrum.

330 3909 469 3965 Deventer
481 3908 540 3965 MS.
552 3926 596 3978 91,
608 3909 631 3963 f.
645 3924 690 3979 79.
1242 3900 1375 3959 louvain.

330 3996 361 4052 Ε.
374 4015 400 4067 p
412 4013 464 4067 49:
484 3996 514 4051 F.
527 4015 555 4067 p.
571 4000 637 4067 198:
658 3996 726 4052 HN:
747 3997 835 4052 Lond.
847 3996 888 4051 iii.
903 3997 953 4067 56:
973 3994 1029 4051 LE.
1043 3997 1103 4049 28o
1159 4009 1193 4063 30
1204 3990 1361 4049 November
1375 4002 1452 4060 1517.

644 4149 799 4198 ERASMVS
818 4149 955 4197 BVDAEO
977 4148 1039 4195 SVO
1061 4149 1087 4197 S.
1107 4148 1138 4196 D.

335 4264 418 4325 Posr
431 4269 534 4325 tantus
547 4263 751 4341 epistolarum
764 4261 916 4339 procellas
929 4261 1045 4339 quibus
1058 4279 1109 4321 me
1122 4258 1243 4321 solebas
1256 4257 1393 4329 obruere,
1405 4255 1488 4316 vnde

294 4382 407 4439 quaeso
422 4365 549 4424 tantum
565 4364 693 4438 tamque
711 4360 853 4421 subitum
871 4359 1058 4421 silentium?
1100 4357 1227 4418 Gaudeo
1244 4357 1273 4416 si
1293 4358 1379 4415 totus
1398 4371 1431 4413 es
1451 4352 1486 4413 in

292 4461 485 4539 explicandis
504 4459 672 4522 Pandeclis
688 4458 978 4530 iureconsultorum,
999 4455 1053 4516 aad
1073 4476 1137 4517 non
1155 4456 1231 4515 adeo
1248 4473 1290 4526 ea,
1311 4451 1429 4529 opinor,
1451 4455 1486 4512 vt

325 4633 381 4683 722.
394 4647 418 4695 3.
428 4636 484 4681 Post
494 4633 503 4681 i
515 4637 541 4681 tn
548 4632 641 4694 paucis
649 4635 738 4680 litteras
745 4634 803 4690 plus
810 4634 893 4679 minus
903 4635 948 4678 tres
956 4631 1150 4689 eaucerem,
1161 4631 1274 4676 Μίνω
1284 4640 1352 4684 oues.
1418 4638 1443 4685 7.
1455 4637 1486 4673 ao

294 4701 348 4747 LB:
365 4699 400 4748 sd
410 4703 463 4748 18.
548 4712 587 4747 ra.
606 4700 712 4762 egregio
722 4701 775 4746 18.
868 4711 905 4757 14.
924 4693 1132 4756 recognisoendo
1143 4696 1195 4743 us,
1280 4705 1317 4751 17.
1336 4690 1419 4756 Grsop
1429 4693 1485 4741 us,

292 4765 423 4827 Hebraico
434 4769 485 4812 MS.
617 4778 658 4824 23.
677 4763 791 4812 Venatio
802 4762 952 4811 Venanatio
963 4764 1025 4820 MS,
1035 4763 1112 4818 priore
1122 4765 1200 4808 tomen
1209 4760 1288 4806 mure

305 4932 361 4981 722.
380 4947 419 4980 ao.
438 4927 628 4993 Traiectemis]
656 4928 710 4977 His
733 4928 814 4976 letter
839 4928 863 4975 is
946 4941 987 4975 aa.
1003 4920 1289 4988 Scripsi]lip.703;ct
1298 4920 1483 4983 REM-⁹5¹1·

289 5000 357 5056 lost;
374 4998 408 5047 ci.
421 5012 447 5059 p.
462 5010 500 5055 ¹4·
946 5006 987 5053 ²3·
1006 4988 1171 5053 Venanatio]
1183 4990 1223 5039 01.
1235 4988 1284 5050 ap.
1297 4987 1356 5048 636.
1372 4987 1414 5048 36.
