3867 6034
281 701 357 786 752]
634 707 689 767 ΤΟ
716 707 855 768 PETER
883 706 1126 770 BARBIRIUS
1420 709 1481 770 lae

278 876 461 938 promemus
473 877 545 920 sum
558 862 594 920 vt
607 860 715 938 procul
727 865 837 940 portus
849 866 1005 939 appareat.
1050 864 1111 925 Odi
1121 864 1207 924 hunc
1214 882 1321 923 meum
1329 862 1478 938 laborem,

278 958 401 1037 quoties
421 958 618 1034 quorundam
639 959 830 1037 ingratitudo
850 959 939 1022 venit
959 960 995 1021 iu
1015 965 1177 1036 mentem3
1206 962 1261 1022 sed
1283 981 1322 1021 ex
1350 961 1481 1023 aduerso

278 1053 458 1116 consolatur
477 1075 529 1115 me
551 1055 706 1146 bonorum
726 1057 892 1134 proiectus
935 1058 1009 1118 Misi
1022 1059 1208 1137 Apologiam
1229 1079 1291 1137 qua
1315 1059 1417 1119 Fabro
1438 1078 1482 1120 re·

278 1153 426 1231 spondeo,
442 1152 516 1213 misi
529 1153 750 1232 Paraphmsin,
766 1158 798 1216 et
811 1156 904 1217 audio
917 1156 978 1217 tibi
991 1158 1135 1219 redditas
1179 1156 1326 1218 Demiror
1339 1156 1480 1217 Fabrum
1496 1181 1526 1218 ιο

279 1270 345 1312 non
358 1250 473 1311 saltem
487 1251 631 1328 epistolio
644 1253 696 1314 vel
709 1254 793 1313 tueri
808 1273 876 1315 sese
888 1254 939 1315 vel
959 1274 1124 1333 agnoscere
1137 1256 1298 1317 victorem.
1341 1254 1481 1332 Expecto

279 1348 486 1409 iamdudum
507 1348 602 1409 istinc
622 1350 748 1428 aliquod
770 1351 870 1411 letum
893 1352 1066 1413 oraculum.
1107 1353 1189 1429 Quid
1211 1355 1282 1431 agat
1306 1352 1482 1414 Theatinus

280 1445 455 1523 Episcopus
468 1445 548 1506 scire
561 1448 716 1526 percupio,
733 1451 803 1509 tum
816 1450 894 1528 quid
907 1450 1121 1528 lepidissimus
1137 1452 1240 1512 Guido
1259 1454 1374 1511 noster.
1419 1451 1481 1512 Sed

280 1542 438 1620 imprimis
461 1564 536 1604 cura
556 1547 593 1604 vt
613 1547 723 1623 pensio
744 1547 826 1607 mihi
847 1549 1101 1627 quamprimum
1124 1551 1316 1624 numeretur,
1338 1569 1379 1609 ne
1400 1549 1482 1611 desit

282 1641 450 1715 viaticum
482 1661 557 1703 nam
581 1643 633 1704 hic
657 1664 729 1705 cara
756 1646 871 1720 omnia,
897 1646 1074 1725 compendii
1094 1666 1135 1707 ne
1155 1646 1315 1708 tantulum
1343 1648 1526 1724 quidem.15

281 1738 408 1816 Optimo
418 1739 589 1800 Moecenati
600 1761 672 1802 meo
682 1762 733 1803 me
742 1744 839 1804 etiam
852 1746 946 1822 atque
956 1744 1053 1805 etiem
1063 1745 1268 1819 commenda;
1289 1745 1391 1806 scribe
1402 1764 1482 1806 num

280 1855 342 1914 qua
354 1855 426 1913 spes
439 1837 481 1897 sit
494 1841 526 1898 te
540 1838 602 1899 huo
614 1840 761 1902 reducem
769 1841 906 1903 videndi
950 1842 1038 1903 Bene
1050 1843 1128 1919 vale,
1143 1843 1326 1904 mortalium
1339 1843 1482 1904 omnium

281 1934 464 1995 charissime
486 1935 617 1997 Barbiri.
661 1938 797 1998 Louanii
832 1939 872 2000 In
885 1939 936 2000 die
950 1939 1009 2017 Ep.
1025 1941 1089 2001 An.
1105 1960 1173 2002 ran.
1193 1944 1237 2001 13.

636 2262 709 2325 ⁷53.
754 2261 802 2325 To
825 2260 952 2326 Emer
976 2265 1134 2328 Asuuius

320 2442 461 2498 Deventer
472 2441 531 2497 MS.
545 2458 588 2512 91,
601 2443 621 2497 f.
636 2444 677 2512 85.
1257 2448 1394 2505 Louvain.

320 2529 375 2585 LB.
386 2530 460 2600 App.
473 2533 533 2600 256.
1201 2538 1219 2593 6
1231 2536 1357 2608 January
1373 2540 1448 2609 1518.

351 2676 420 2742 [The
432 2677 494 2727 date
505 2678 530 2725 is
541 2677 688 2727 confirmed
699 2678 736 2739 by
747 2678 794 2726 the
806 2678 941 2728 reference
952 2682 982 2729 to
992 2679 1040 2729 the
1050 2693 1130 2745 oupe;
1147 2680 1180 2729 ci.
1194 2681 1243 2744 Ep.
1254 2683 1312 2743 638.
1326 2682 1356 2731 xa
1368 2681 1408 2745 n.]

647 2842 801 2889 Eaasuvs
822 2843 942 2891 AFINIO
964 2843 1027 2893 SVO
1049 2844 1075 2892 S.
1094 2845 1127 2893 D.

327 2990 521 3049 hienrconvu
546 2989 729 3049 doctissime
751 2991 784 3048 et
805 2989 978 3049 amicorum
1002 2990 1128 3067 optime,
1153 2992 1247 3052 toties
1268 2992 1332 3052 iam
1356 2992 1487 3053 excessit

286 3086 491 3163 praescriptus
506 3085 580 3159 dies,
598 3088 690 3148 toties
704 3086 796 3147 fallit.
842 3087 996 3147 Fortassis
1010 3091 1093 3149 astra
1111 3089 1282 3165 superioris
1298 3089 1376 3149 euni
1396 3089 1487 3149 nobis

287 3203 397 3261 parum
421 3184 557 3244 secunda
578 3184 778 3245 obstiterunt.
822 3184 915 3244 Nunc
946 3184 1059 3246 saltem
1091 3186 1167 3246 noui
1198 3186 1274 3246 anni
1306 3185 1489 3247 melioribus

287 3282 433 3359 auspiciis
446 3282 539 3342 mitte
552 3282 645 3343 toties
662 3284 819 3343 adiuratos
837 3282 971 3359 cyathos
988 3301 1028 3342 ne
1046 3285 1101 3361 qui
1118 3304 1204 3343 nuno
1221 3282 1422 3360 suspicantur
1436 3304 1488 3345 me

288 3381 383 3440 nimis
403 3379 497 3439 fuisse
519 3380 690 3454 credulum,
715 3380 827 3440 merito
847 3380 880 3439 id
900 3381 1000 3441 faeere
1014 3381 1188 3442 videantur.
1230 3377 1330 3459 (Non)
1347 3401 1405 3459 ego
1425 3382 1516 3459 tale5

288 3496 413 3553 possum
435 3478 473 3536 de
495 3477 550 3537 tali
565 3478 632 3537 viro
646 3479 804 3553 suspicari.
849 3477 898 3537 Tu
918 3478 1043 3554 grauior
1063 3497 1096 3538 es
1116 3498 1210 3557 quarn
1234 3478 1289 3556 qui
1311 3497 1488 3555 quenquam

288 3575 366 3634 velis
387 3574 536 3649 irridere;
564 3596 620 3652 ego
641 3594 704 3635 non
727 3579 804 3651 puto
825 3595 875 3635 me
897 3575 955 3635 tibi
977 3575 1108 3654 dignum
1135 3575 1234 3636 videri
1264 3576 1318 3654 qui
1346 3575 1485 3637 irridear.

289 3671 424 3732 Proinde
444 3673 671 3732 Theodoricum
694 3671 864 3732 Martinum
888 3673 922 3732 in
943 3673 1002 3733 hoc
1023 3673 1104 3748 miei,
1127 3676 1163 3733 vt
1183 3673 1264 3732 mihi
1284 3692 1338 3733 eos
1359 3672 1486 3734 adierat

289 3771 395 3831 Homo
410 3771 602 3831 certissimus
615 3774 672 3830 est.
715 3770 836 3830 Senties
855 3791 906 3830 me
922 3791 988 3831 non
1005 3791 1166 3832 cessurum
1181 3771 1312 3831 omnino
1328 3770 1444 3845 officiis,
1460 3771 1488 3832 si

290 3887 401 3945 parum
424 3868 555 3929 antehac
577 3887 648 3927 eum
670 3868 869 3946 promeritus.
912 3869 999 3929 Bene
1019 3869 1097 3942 vale,
1121 3871 1153 3928 et
1172 3869 1200 3928 si
1220 3868 1302 3929 mihi
1323 3888 1362 3929 ex
1382 3869 1488 3929 animo
1504 3893 1535 3929 10

289 3966 455 4044 respondes
468 3986 573 4026 amore
588 3974 709 4042 mutuo,
724 3966 772 4026 fao
794 3986 834 4026 ue
855 3967 906 4027 hic
928 3966 1139 4027 Theodericus
1152 3986 1270 4027 vacuus
1291 3966 1352 4026 huc
1372 3967 1486 4036 redeat,

290 4083 370 4124 neue
384 4063 466 4123 diem
481 4063 606 4141 longius
616 4065 759 4140 proferas,
771 4083 1048 4141 memormagnam
1055 4064 1201 4124 beneficii
1210 4067 1332 4141 partem
1343 4064 1489 4125 decedere
1563 4080 1568 4088 '

294 4161 451 4222 dilatione
496 4162 634 4223 Rursum
649 4163 726 4222 vale.
770 4161 903 4222 Louanii
945 4162 986 4222 In
1000 4162 1050 4222 die
1064 4163 1247 4240 epiphaniae
1259 4164 1325 4223 An.
1340 4183 1408 4223 mn.
1428 4165 1472 4221 18.

324 4352 381 4399 752.
402 4354 438 4399 16.
455 4354 510 4399 LB:
529 4350 695 4412 optimine.
798 4364 836 4409 17.
855 4349 930 4397 Bene
941 4354 993 4398 iis.
1099 4350 1154 4399 758.
1172 4366 1198 4412 5.
1216 4351 1276 4400 Non
1288 4354 1373 4397 addidi
1383 4352 1490 4398 intuitio

290 4433 368 4466 mm
379 4434 385 4465 ε
402 4418 472 4475 ipoei
481 4417 612 4477 suspicari
623 4420 708 4464 metuit
719 4418 767 4463 LB.
836 4430 858 4474 7.
876 4415 956 4464 vellis
967 4420 1019 4465 MS.

326 4602 381 4649 752.
399 4616 424 4661 9.
444 4598 617 4662 Apologiam]
630 4597 669 4646 Cf.
685 4599 733 4660 Ep.
746 4600 805 4657 652.
816 4613 840 4658 ᾳ
914 4598 1011 4660 phrase
1025 4612 1081 4646 was
1097 4600 1158 4645 sent
1172 4595 1241 4644 with
1254 4597 1302 4658 Ep.
1313 4598 1380 4657 ⁶95:
1396 4595 1489 4644 which

327 4681 364 4715 ro.
382 4665 516 4727 redditas]
544 4666 569 4713 Α
596 4664 668 4713 looee
700 4665 862 4726 expression,
914 4667 988 4712 must
1006 4662 1141 4712 therefore
1159 4662 1228 4710 have
1247 4662 1315 4710 been
1335 4660 1401 4709 held
1421 4660 1488 4710 back

292 4732 382 4781 which
400 4747 449 4781 can
467 4730 531 4792 only
544 4729 613 4778 refer
628 4732 656 4777 to
673 4728 721 4777 the
737 4732 862 4787 Apoiooic.
914 4730 955 4777 for
972 4744 1045 4778 some
1061 4728 1150 4776 weeks
1166 4726 1236 4776 aiter
1251 4728 1275 4776 it
1291 4741 1347 4776 was
1366 4727 1487 4788 written,

292 4798 420 4846 Erasmus
438 4812 489 4845 can
509 4796 608 4856 hardly
626 4796 693 4843 have
711 4799 757 4856 yet
781 4794 864 4842 heard
913 4794 1053 4843 doubtless
1064 4794 1181 4855 through
1195 4792 1255 4841 lach
1263 4792 1293 4842 oi
1299 4808 1315 4841 a
1326 4807 1486 4855 meesenger.

292 4865 352 4913 that
374 4864 422 4912 the
451 4862 618 4923 Paraphrase
641 4862 703 4922 (Ep.
728 4859 788 4920 710)
810 4860 865 4908 had
949 4858 1392 4923 rs.'1'heatinus]0i.Ep.608.54
1404 4873 1433 4908 n.

294 4930 405 4978 reached
415 4927 690 4989 BarbiriusinSpain.
716 4925 743 4973 It
754 4939 865 4988 appears
949 4941 987 4985 13.
1004 4924 1106 4989 Guido]
1123 4925 1258 4975 horinon.

293 4996 417 5057 probable
432 4996 503 5043 irem
516 4993 564 5055 Ep.
579 5007 626 5053 794
642 4992 702 5041 that
719 4991 768 5040 the
786 4991 865 5040 Para-
950 4994 988 5042 16.
1008 4989 1168 5055 iioeoemti]
1181 4991 1217 5041 Le
1228 4990 1357 5053 8222232.
