3867 6034
443 708 506 769 aas
797 704 988 767 unrrnas
1016 703 1069 764 or
1096 702 1298 763 uausuus
1562 695 1666 781 [1519

443 882 558 942 precor.
592 860 798 923 Academiam
812 860 924 924 multis
938 858 1122 920 nominibus
1134 858 1290 919 celebrem
1306 857 1417 918 reddes
1431 856 1595 919 industria
1606 861 1667 921 tua

399 987 428 1038 ¹⁵
442 960 655 1023 celebriorem
690 959 752 1021 Sed
761 979 824 1038 quo
836 957 971 1019 alacrius
981 956 1113 1018 verseris
1126 955 1160 1016 iu
1175 955 1237 1016 isto
1251 974 1391 1030 munere,
1404 955 1452 1015 lac
1467 956 1666 1019 memineris

441 1059 617 1121 secundum
643 1057 803 1137 principes
829 1059 861 1117 et
888 1054 1052 1133 episcopos
1086 1053 1247 1114 neminem
1278 1052 1536 1130 magnificentius
1564 1073 1664 1131 posse

443 1156 558 1217 mereri
572 1156 611 1218 de
625 1155 784 1234 republica
794 1174 889 1233 quam
902 1152 972 1214 ludi
985 1150 1118 1213 literarii
1132 1149 1341 1228 magistmm3
1362 1150 1390 1210 si
1403 1149 1539 1212 rudibus
1551 1152 1663 1213 adhuc

441 1260 474 1317 et
489 1256 525 1315 in
538 1256 683 1333 quemuis
702 1254 849 1315 habitum
870 1251 1057 1329 sequacibus
1076 1250 1193 1311 animis
1212 1251 1354 1309 mentem
1374 1248 1509 1310 instillet
1525 1249 1664 1313 Christo

441 1353 580 1430 dignam,
592 1373 706 1432 easque
719 1352 829 1413 literas
838 1369 917 1430 quiae
931 1368 1054 1427 semper
1067 1348 1188 1427 optimo
1202 1348 1313 1426 cuique
1327 1347 1522 1425 placuerunt.
1563 1348 1661 1424 Quod

398 1450 470 1513 rosi
490 1470 543 1512 ms
562 1451 679 1528 audies,
695 1450 769 1528 plus
787 1468 899 1527 operae
919 1466 1028 1507 sumes
1046 1446 1080 1506 in
1100 1444 1309 1523 propugandis
1327 1445 1456 1523 optimis
1474 1445 1661 1524 disciplinis

443 1568 538 1627 quarn
557 1548 592 1610 in
613 1546 794 1609 refellendis
811 1547 925 1606 harum
946 1543 1099 1605 hostibus.
1143 1545 1195 1604 Ad
1216 1543 1334 1604 claram
1351 1543 1456 1604 lucem
1469 1545 1524 1604 vel
1543 1550 1662 1625 suapte

440 1650 554 1725 sponte
567 1647 757 1707 euanescunt
771 1644 973 1705 tenebrarum
986 1644 1138 1720 portenta.
1175 1640 1350 1715 Ecbanum,
1362 1640 1432 1701 aeui
1443 1643 1548 1703 nostri
1560 1642 1661 1705 Naso-

441 1765 517 1808 nem
526 1747 581 1807 sed
591 1750 713 1807 castum
727 1764 762 1804 ac
776 1744 874 1822 pium,
888 1741 968 1802 meis
978 1741 1083 1801 verbis
1095 1740 1246 1802 salutabis
1257 1740 1434 1819 diligenter.
1467 1742 1561 1801 Bene
1571 1744 1658 1815 vale,

440 1844 657 1907 cordatissime
671 1843 780 1905 Corde.
825 1840 969 1902 Louanii.
1012 1840 1109 1900 Anno
1123 1858 1260 1900 munuc
1304 1858 1355 1898 xv.
1372 1837 1500 1899 Calend.
1518 1840 1634 1901 Maias

822 2040 896 2101 942.
940 2036 990 2099 To
1012 2034 1109 2100 Jonu
1133 2034 1265 2101 Draco

476 2126 602 2198 Farrago
614 2144 643 2198 p.
659 2140 718 2182 121.
1433 2121 1573 2180 Louvaiu.

475 2214 508 2273 1¹¹.
521 2232 550 2286 p.
563 2228 632 2286 275:
653 2213 722 2269 HN:
742 2212 832 2268 Lond.
845 2230 869 2265 v.
885 2227 935 2280 29:
955 2210 1011 2265 ΕΒ.
1025 2212 1088 2278 40⁶·
1391 2214 1423 2266 18
1436 2211 1520 2281 April
1537 2226 1619 2282 1519.

473 2327 532 2393 [Dr.
550 2328 643 2377 Bruno
660 2327 790 2376 claussen
807 2326 837 2374 ol
851 2324 965 2374 Bostock
983 2324 1033 2373 has
1050 2324 1148 2385 kindly
1164 2324 1279 2386 brought
1294 2327 1322 2373 to
1335 2338 1382 2385 my
1394 2325 1485 2373 notice
1496 2339 1515 2373 a
1526 2328 1588 2374 xvic
1601 2342 1657 2376 ms.

439 2407 508 2458 copy
518 2394 548 2444 oi
556 2395 613 2442 this
623 2394 707 2443 letter
718 2393 777 2506 inh:
786 2390 895 2505 {affl
907 2390 1084 2505 ofuffiqt’
1096 2393 1223 2505 miclau
1230 2389 1366 2519 gaeta?
1377 2388 1655 2507 Ἔζὲιῖἶοὲὦῗ,

439 2458 742 2587 iiifzsrobiioilpgipgagrswti
752 2522 821 2571 have
833 2471 993 2571 beerigmade
1006 2471 1139 2570 iromyone
1149 2469 1237 2570 uiritim
1248 2489 1369 2570 editions
1379 2520 1470 2570 before
1478 2495 1507 2570 'N
1517 2537 1525 2582 ;
1540 2523 1592 2573 but
1605 2473 1656 2574 th}

440 2589 564 2639 varimts
574 2604 620 2638 aro
630 2603 705 2638 mere
716 2588 897 2636 inaccuracies
908 2586 962 2636 and
975 2586 1044 2636 need
1056 2601 1092 2636 uo
1103 2587 1203 2635 notice.

472 2654 526 2704 lor
536 2655 624 2704 Draco
637 2668 683 2703 see
695 2669 720 2716 p.
732 2651 803 2716 406]

574 2782 730 2831 RRASMVS
753 2782 1006 2831 Rornaonliuvs
1028 2782 1150 2831 Ioanni
1174 2783 1327 2832 naucum
1350 2782 1413 2831 SVO
1435 2784 1461 2831 S.
1479 2784 1512 2830 D.

449 2897 451 2902 ’
480 2895 620 2958 Lavnvrr
634 2916 776 2958 mearum
790 2895 972 2957 encomium
985 2896 1217 2972 decantaturus,
1235 2900 1267 2957 et
1281 2896 1348 2957 stili
1362 2896 1491 2957 veniam
1506 2897 1655 2975 postulas

437 2998 471 3057 et
483 2993 676 3057 adulationis
689 2995 901 3073 suspicionem
916 2995 1096 3072 deprecaris.
1135 2996 1214 3057 blihi
1228 3017 1301 3056 vero
1314 2996 1487 3074 perplacuit
1501 2996 1654 3059 dictionis

438 3094 544 3157 fluxus
558 3097 590 3155 et
603 3093 787 3173 perspicuus
799 3092 953 3167 etfacilis,
965 3095 1153 3171 praesertim
1168 3095 1201 3155 in
1217 3095 1347 3154 iuuene:
1369 3113 1449 3171 quae
1465 3114 1515 3154 res
1530 3094 1607 3157 lacit
1617 3100 1653 3157 vt
1673 3107 1681 3125 ·

438 3194 521 3256 mihi
534 3194 572 3255 de
585 3197 617 3255 te
630 3212 735 3256 raram
749 3194 909 3271 quandam
928 3192 1144 3271 eloquentiam
1164 3193 1318 3271 pollicear.
1364 3192 1462 3253 Porro
1480 3192 1565 3254 nihil
1584 3215 1652 3255 esse

410 3311 549 3371 gcausae
567 3293 659 3356 video
679 3311 736 3352 cur
757 3292 837 3352 mihi
858 3293 1025 3372 quisquam
1046 3292 1096 3353 vel
1120 3292 1261 3352 inuideat
1282 3292 1333 3351 vel
1357 3291 1513 3352 aduletur.
1559 3292 1651 3368 Quod

437 3390 525 3452 enim
543 3390 686 3451 futurum
701 3389 743 3450 sit
757 3390 950 3453 adulationis
968 3391 1169 3470 praemium?
1211 3391 1396 3467 Quanquam
1415 3393 1521 3451 autem
1542 3390 1652 3453 istius-

439 3490 525 3551 modi
545 3489 659 3563 laudea
675 3508 753 3567 quas
773 3489 854 3550 mihi
868 3490 1066 3570 quorundam
1083 3490 1135 3550 vel
1154 3490 1297 3550 studium
1314 3488 1365 3549 vel
1385 3490 1502 3550 candor
1524 3490 1649 3568 tribuit,

437 3606 504 3649 non
518 3587 583 3648 leui
597 3607 648 3647 ms
664 3590 797 3648 onerant
811 3586 940 3662 inuidia,
954 3591 1061 3649 tamen
1075 3607 1215 3647 amorem
1230 3587 1313 3647 vnde
1328 3587 1571 3665 proficiscuntur
1585 3610 1652 3651 non

436 3704 565 3765 possum
585 3686 716 3748 omnino
735 3685 870 3747 reiicere.
914 3687 1022 3763 Atque
1035 3685 1160 3746 vtinam
1177 3685 1284 3763 aliqua
1297 3704 1335 3745 ex
1352 3688 1440 3763 parte
1454 3705 1529 3746 vera
1543 3691 1652 3750 essent

395 3810 425 3846 10
437 3803 516 3863 quae
528 3788 564 3844 tu
578 3785 742 3845 commoda
756 3804 864 3845 narras
881 3804 920 3846 ox
939 3784 1021 3846 meis
1039 3785 1165 3864 scriptis
1178 3785 1247 3846 orbi
1260 3786 1441 3848 Christiano
1460 3786 1652 3865 contigisset

437 3880 613 3959 Numquis
637 3904 693 3963 ego
717 3904 790 3946 sum
810 3888 846 3945 vt
871 3904 1019 3964 magnam
1047 3884 1185 3963 aliquam
1205 3885 1375 3947 utilitatem
1401 3887 1469 3947 orbi
1490 3892 1651 3966 praestare

437 3984 577 4060 queam?
603 3982 728 4045 etiamsi
746 3987 877 4044 conatus
892 4003 964 4045 sum
984 4003 1092 4044 meum
1106 3984 1422 4063 quantulumcunque
1436 3987 1595 4048 talentum
1615 3988 1651 4049 in

436 4078 568 4142 Domini
587 4081 650 4141 mei
668 4081 793 4143 lucrum
813 4082 1001 4160 impendere.
1044 4082 1079 4143 si
1099 4101 1260 4142 successus
1278 4083 1388 4158 defuit,
1404 4084 1552 4146 voluntas
1565 4087 1650 4148 bona

436 4197 501 4239 non
515 4179 625 4240 deluit.
669 4180 804 4255 Quidam
823 4180 922 4241 nimis
937 4181 1042 4242 odiose
1062 4180 1242 4257 reclamant,
1257 4181 1313 4241 alii
1333 4202 1458 4242 rursum
1478 4183 1649 4245 immodice

392 4300 423 4354 ¹5
435 4276 570 4356 probant
583 4300 591 4338 ε
611 4276 741 4338 illorum
751 4277 926 4339 virulentas
940 4278 1182 4340 obtrectationes
1193 4299 1256 4339 non
1270 4300 1399 4355 mereor,
1411 4280 1526 4342 horum
1537 4281 1650 4344 laudes

436 4394 502 4436 non
513 4395 656 4452 agnosco.
687 4374 754 4455 Ego
763 4375 892 4437 iuterim
904 4398 956 4439 me
964 4397 1035 4438 meo
1044 4378 1179 4439 metiens
1189 4378 1267 4454 pede
1276 4399 1377 4452 neque
1386 4398 1490 4440 cresco
1498 4380 1650 4442 laudibus

435 4472 609 4552 plausuque
621 4473 806 4548 fauentium,
821 4497 879 4536 nec
890 4475 1022 4538 omnino
1032 4476 1161 4537 deiicior
1170 4476 1376 4554 peruersitate
1386 4476 1648 4553 obtrectantium

436 4571 602 4634 consolans
619 4571 747 4633 interim
767 4573 926 4653 meipsum
944 4575 1021 4636 recti
1040 4574 1240 4645 couscientia,
1253 4595 1288 4635 ac
1303 4575 1485 4653 vigiliarum
1503 4596 1648 4639 mearum

436 4670 611 4746 praemium
626 4691 645 4730 a
659 4669 785 4733 Christo
798 4676 973 4750 expectans,
988 4673 1144 4752 siparum
1162 4673 1243 4752 grati
1257 4677 1333 4734 suut
1347 4674 1499 4735 homines.
1544 4677 1649 4752 Quan-

392 4792 424 4830 πο
436 4787 532 4848 quam
553 4769 652 4846 video,
667 4790 753 4831 meos
774 4775 907 4833 conatus
927 4771 1048 4853 optimo
1069 4772 1181 4850 cuique
1201 4772 1345 4851 probari;
1373 4777 1450 4833 ἀλλὰ
1470 4776 1599 4838 πλείονες
1622 4779 1649 4836 οἱ

437 4891 527 4925 κακοί.

456 4967 529 5049 'ila
551 4968 748 5064 tali—antas]
757 5000 854 5050 (lton
867 5004 933 5052 Pecu.
944 5016 968 5063 3.
979 5018 1002 5063 4.
1013 5016 1051 5064 79
1123 5004 1161 5051 1⁶.
1180 5003 1310 5067 metiens]
1322 5004 1362 5052 Cf.
1372 5004 1437 5054 Hor.
1452 5008 1497 5063 ap.
1511 5019 1533 5055 ι.
1545 5021 1567 5067 7.
1576 5007 1620 5067 9&
