3867 6034
392 712 454 773 506
743 710 932 773 LETTERS
959 711 1013 772 OF
1041 711 1241 773 ERASMUS
1508 705 1602 791 [1519

392 868 453 929 tibi
466 867 534 928 iure
544 871 732 946 anteponere
743 868 813 947 quis
824 868 942 941 debeat,
957 870 1025 929 siue
1039 868 1219 946 linguarum
1232 866 1387 944 peritiam,
1398 866 1471 926 siue
1482 866 1601 927 variam

392 967 656 1044 omnigenamque
676 967 860 1045 doctrinm,
882 968 950 1028 siue
972 968 1106 1047 denique
1130 966 1370 1045 incomparabile
1391 966 1546 1027 studium
1568 985 1600 1025 ac

391 1064 590 1143 diligentiam
609 1085 704 1143 prope
722 1065 856 1126 dixerim
877 1066 1074 1141 indefessam,
1090 1070 1228 1144 spectare
1247 1085 1282 1125 ac
1300 1064 1479 1141 expendere
1493 1062 1598 1123 libeat

390 1163 504 1224 Audax
519 1163 660 1238 verbum,
675 1163 798 1243 inquiet
818 1163 949 1243 aliquis:
971 1164 1080 1240 audax,
1101 1165 1206 1238 fateor,
1226 1164 1281 1224 sed
1299 1183 1361 1241 quo
1381 1161 1517 1222 nullum
1540 1160 1600 1220 dici

345 1278 479 1337 esposse
496 1261 601 1322 verius
621 1264 704 1338 puto.
749 1261 820 1322 Soio
841 1282 905 1322 non
926 1262 1033 1322 deesse
1053 1262 1111 1323 tibi
1130 1263 1314 1336 laudatores,
1336 1262 1391 1338 qui
1412 1259 1477 1319 tibi
1500 1260 1600 1336 ὕμνους

389 1358 514 1419 assidue
521 1362 614 1437 atque
623 1360 742 1420 brisim
751 1362 826 1437 μέλη
833 1360 1007 1434 decantent,
1017 1360 1137 1437 tibique
1144 1362 1269 1420 tantum
1278 1358 1597 1434 tribuantquantum,

388 1457 485 1516 etiam
499 1457 526 1516 si
540 1476 698 1533 agnoscas,
714 1477 779 1517 non
798 1457 936 1534 postules
954 1459 1071 1517 tamen.
1115 1457 1182 1533 Ego
1200 1461 1281 1518 certe
1303 1454 1383 1515 nihil
1403 1454 1441 1514 in
1459 1454 1597 1532 gratiam

389 1554 513 1615 Erasmi
531 1555 652 1615 scribo:
673 1555 773 1615 scribo
786 1559 892 1616 autem
907 1554 939 1613 id
954 1555 1084 1615 demum
1098 1555 1180 1633 quod
1200 1554 1302 1614 sentio
1316 1574 1380 1630 ego.
1427 1553 1597 1612 Assentari

388 1652 492 1711 nescio
507 1672 571 1727 nec,
589 1654 618 1712 si
636 1654 742 1729 sciam,
758 1653 863 1728 velim,
880 1653 1011 1714 Erasmo
1025 1653 1227 1730 potissimum
1240 1654 1329 1712 tanta
1343 1650 1504 1711 modestia
1518 1651 1595 1710 viro.

343 1768 376 1818 40
388 1750 507 1825 Quidni
524 1771 616 1828 porro
631 1752 668 1812 de
682 1754 714 1811 te
731 1751 764 1811 id
782 1751 917 1811 sentiam
932 1751 1015 1830 quod
1035 1750 1127 1811 audio
1142 1771 1159 1810 a
1174 1750 1354 1810 doctissimo
1368 1768 1499 1825 quoquo
1514 1748 1596 1808 dete

279 1893 281 1896 -
387 1847 504 1926 vbique
517 1849 711 1924 praedicari?
751 1848 903 1910 Indoctus
919 1851 975 1925 est,
992 1849 1188 1910 refractarius
1201 1849 1258 1923 est,
1275 1869 1294 1908 a
1308 1846 1408 1908 Musis
1422 1865 1458 1906 ac
1475 1846 1596 1906 Gratiis

387 1945 517 2023 alienus,
533 1946 588 2025 qui
603 1946 728 2007 Erasmi
746 1947 916 2025 ingenium,
932 1946 1116 2023 doctrinam,
1136 1946 1322 2018 facundiam,
1341 1947 1492 2005 sanctum
1512 1944 1595 2003 deni·

387 2062 448 2121 que
459 2044 626 2104 consilium
639 2064 675 2104 ac
689 2045 873 2105 institutum
886 2064 951 2105 non
965 2045 1081 2105 laudat.
1115 2045 1217 2121 Quare
1227 2063 1328 2121 perge,
1342 2043 1485 2117 Erasme,
1498 2041 1594 2102 seculi

386 2141 482 2203 huius
496 2143 588 2203 decus
601 2144 769 2220 egregium,
784 2162 878 2220 perge
890 2146 995 2203 tecum
1009 2144 1077 2219 ipso
1090 2145 1206 2203 certare
1219 2146 1311 2219 toque
1324 2141 1431 2218 ipsum
1446 2139 1593 2215 deinceps

341 2258 373 2308 4⁵
387 2240 519 2315 vincere,
542 2239 575 2299 in
599 2260 636 2300 eo
660 2241 842 2318 praesertim
864 2240 966 2301 stadio
987 2240 1184 2301 Christianae
1208 2239 1334 2316 pietatis
1359 2258 1393 2298 ac
1416 2236 1591 2314 euangelici

385 2338 497 2414 cultus,
515 2339 627 2416 inquo
647 2342 734 2398 tanta
749 2342 805 2399 tua
823 2358 895 2399 oum
914 2337 1006 2397 laude
1026 2338 1176 2398 hactenus
1194 2339 1284 2398 nobis
1302 2337 1437 2410 certasti,
1453 2340 1493 2397 vt
1513 2334 1591 2395 nihil

385 2436 449 2496 iam
465 2437 598 2513 supersit
612 2437 696 2497 aliud
711 2438 773 2497 nisi
786 2440 823 2496 vt
836 2437 974 2513 teipsum
988 2436 1105 2496 vincas.
1148 2436 1234 2496 Vale.

427 2534 581 2595 Luteciae.
598 2535 853 2612 decimoseptimo
867 2535 992 2596 Calend
1009 2535 1143 2612 Apriles
1189 2528 1386 2615 [mensur]

731 2726 836 2809 926„
880 2722 980 2787 Facu
1004 2722 1112 2788 Locus
1134 2723 1240 2787 Ruzs.

421 2823 545 2896 Farrago
557 2843 584 2895 p.
601 2841 658 2896 152.
1385 2821 1482 2894 Liegc.

1313 2913 1345 2967 16
1357 2909 1457 2965 March
1473 2922 1551 2980 1519.

419 3032 497 3097 [This
508 3033 590 3081 letter
603 3034 627 3081 is
642 3034 751 3096 printed
768 3036 797 3083 in
815 3035 836 3082 E
853 3034 903 3082 but
923 3039 972 3083 not
992 3036 1146 3085 elsewhere.
1179 3035 1236 3083 The
1257 3034 1387 3081 omission
1405 3032 1436 3080 in
1453 3031 1502 3080 the
1521 3032 1588 3080 later

385 3098 505 3147 editions
516 3114 572 3148 was
583 3100 700 3162 perhaps
711 3115 727 3148 a
737 3114 811 3149 mere
823 3101 969 3163 oversight,
983 3102 1036 3150 due
1053 3106 1082 3150 to
1097 3102 1145 3149 the
1162 3100 1282 3162 position
1294 3099 1324 3146 cf
1338 3098 1395 3146 this
1407 3097 1463 3146 and
1476 3098 1527 3159 Ep.
1538 3098 1587 3157 908

384 3178 419 3212 on
433 3166 554 3226 opposite
568 3179 648 3227 pagss
659 3167 689 3213 in
701 3166 723 3213 E
735 3167 804 3214 with
817 3166 948 3228 openings
960 3169 988 3216 at
1000 3167 1047 3216 the
1059 3182 1128 3215 same
1142 3167 1219 3228 point
1230 3165 1285 3214 and
1297 3164 1403 3212 similar
1415 3163 1475 3211 first
1487 3162 1585 3211 words.

383 3230 440 3279 The
455 3236 511 3279 two
522 3232 707 3279 mouth-dates
719 3231 833 3281 conflict.
867 3231 924 3281 The
942 3234 1040 3281 easiest
1056 3233 1203 3281 correction
1218 3232 1242 3278 is
1257 3235 1285 3279 to
1299 3231 1447 3278 substitute
1463 3243 1530 3277 xmr
1545 3228 1587 3277 lor

297 3330 301 3338 -
383 3310 454 3344 xvur
467 3296 496 3343 in
509 3297 557 3359 Ep.
570 3298 719 3357 928,xr111.
732 3297 788 3347 Cal.
800 3298 889 3360 April.
902 3299 982 3360 being
994 3313 1009 3345 a
1021 3313 1087 3358 very
1102 3296 1218 3345 unusual
1233 3295 1403 3345 calculation.
1438 3295 1497 3342 The
1511 3308 1586 3355 year-

385 3361 447 3410 date
464 3362 486 3410 is
502 3362 651 3411 confirmed
669 3363 704 3424 by
719 3362 814 3412 Ruze's
829 3364 953 3425 embassy
972 3362 1001 3424 (l.
1021 3365 1071 3426 ra),
1086 3363 1177 3410 which
1189 3376 1245 3409 was
1261 3375 1311 3409 one
1327 3361 1356 3409 of
1369 3361 1417 3408 the
1434 3374 1586 3408 numerous

383 3427 508 3476 missions
519 3429 580 3476 sent
591 3429 627 3489 by
639 3428 750 3476 Francis
761 3443 773 3476 r
785 3431 813 3477 to
824 3433 945 3491 promote
954 3430 999 3476 his
1010 3428 1239 3477 candidatursfor
1247 3427 1421 3488 theEmpire.
1458 3425 1487 3473 It
1499 3440 1585 3473 seems

383 3495 411 3541 to
427 3493 496 3541 have
513 3493 615 3542 started
631 3495 661 3542 in
679 3494 740 3543 Eeb.
760 3509 840 3555 1519;
858 3510 901 3543 see
912 3498 1015 3542 Journal
1032 3499 1060 3542 de
1076 3497 1277 3553 Jeanonillcn,
1296 3492 1338 3540 ed.
1352 3493 1379 3540 P.
1396 3491 1429 3539 do
1441 3489 1583 3548 Vaissiere,

386 3559 488 3620 1897-9‚
503 3560 530 3608 ii.
545 3574 600 3617 rao,
613 3559 668 3607 and
680 3565 748 3608 Acies
758 3564 786 3607 de
796 3565 910 3627 iionpois
922 3562 965 3609 1²⁹.
980 3561 1015 3608 ix.
1032 3575 1054 3619 7.

415 3624 467 3672 For
482 3624 554 3672 Ruze
565 3640 608 3673 see
620 3626 669 3686 Ep.
683 3640 740 3686 493.
754 3640 804 3685 420
816 3640 842 3673 n.
879 3625 906 3673 1t
917 3640 1030 3688 appears
1039 3627 1108 3673 from
1119 3625 1167 3687 Ep.
1176 3639 1232 3686 935.
1249 3640 1262 3684 7
1275 3623 1337 3671 that
1346 3623 1380 3670 he
1388 3620 1585 3682 subsequently

383 3692 440 3738 met
452 3689 579 3739 Erasmus
590 3690 646 3738 and
658 3690 766 3739 shewed
779 3691 837 3739 him
850 3692 897 3753 Ep.
912 3690 983 3754 914-]

497 3822 689 3870 LVDOVICVS
712 3821 847 3882 RVSEVS,
872 3823 1148 3870 SVPPRAEFECTVS
1170 3822 1306 3881 CIVILIS,
1331 3819 1467 3866 ERASMO

800 3925 1032 3974 ROTERODAMO
1054 3924 1116 3973 SVO
1139 3924 1165 3973 S.

421 4045 559 4121 Qvorrns
579 4045 678 4105 animi
697 4066 771 4124 erga
791 4050 822 4106 te
843 4047 906 4107 mei
925 4046 1066 4106 studium
1085 4044 1188 4105 literis
1207 4044 1326 4120 aperire
1347 4063 1417 4103 sum
1437 4043 1584 4103 Luteciae

379 4148 517 4218 conatus,
542 4144 722 4204 doctissime
747 4145 958 4216 Erasme,—id
984 4148 1089 4204 auhsm
1114 4145 1173 4204 feci
1196 4161 1389 4221 persaepe-,
1414 4142 1509 4200 toties
1532 4160 1583 4200 me

380 4246 543 4303 conantem
562 4242 678 4319 partim
697 4244 898 4322 nescioquas
918 4242 1084 4316 rusticitas,
1106 4242 1221 4319 partim
1240 4240 1373 4300 catenati
1393 4239 1581 4316 reipublicae

378 4342 500 4402 labores
521 4342 595 4400 adeo
616 4343 831 4418 represserunt
847 4346 882 4403 vt
900 4342 982 4401 nihil
1003 4359 1148 4418 prorsum
1167 4342 1214 4400 tot
1236 4339 1399 4400 conatibus
1417 4342 1524 4397 actum
1541 4339 1583 4398 sit

351 4443 501 4516 5praetec
523 4459 621 4501 vnam
646 4440 798 4500 duntmat
819 4440 976 4501 schedam.
1020 4439 1130 4514 Quam,
1159 4438 1261 4516 qualis
1285 4438 1388 4514 qualis
1413 4440 1468 4510 est,
1495 4437 1524 4496 si
1548 4442 1580 4498 te

377 4538 562 4615 desyderare
582 4538 715 4611 audiero,
731 4538 770 4597 ad
784 4538 922 4598 Parisios
941 4557 1085 4598 reuersus
1103 4538 1183 4597 istuc
1201 4555 1296 4615 quam
1316 4536 1455 4612 primum
1469 4537 1581 4612 perier

378 4639 493 4699 endam
508 4637 620 4697 lubens
640 4657 765 4711 curaro;
787 4657 823 4697 ea
841 4641 948 4697 tamen
962 4638 1030 4715 lege
1047 4640 1083 4698 rt
1102 4635 1195 4696 amici
1214 4637 1352 4696 detracta
1371 4654 1504 4711 persona
1524 4641 1578 4696 aut

377 4736 535 4810 censoriis,
557 4735 589 4795 id
614 4739 661 4794 est
686 4736 819 4810 Erasmi,
846 4736 991 4795 obeliscis
1014 4756 1128 4813 poenas
1153 4735 1338 4794 temeritatis
1363 4733 1485 4810 pendat,
1513 4738 1576 4806 aut,

633 4884 690 4932 925.
708 4883 748 4943 38.
766 4898 814 4945 ogo
825 4900 869 4933 om.
882 4887 915 4932 H.
1016 4885 1055 4943 48.
1074 4896 1200 4931 u.n.xv111
1212 4884 1268 4929 odd.
1282 4884 1313 4927 Π,

743 4998 799 5046 926.
817 5013 841 5059 3.
862 4996 991 5061 catenati]
1005 4997 1083 5047 Mart.
1099 5014 1120 5048 1.
1136 5012 1174 5059 15.
1187 5012 1210 5057 7.
