3867 6034
405 712 466 771 274
754 710 943 772 LETTERS
972 711 1026 771 OF
1052 710 1252 773 ERASMUS
1508 708 1606 791 [1518

345 882 391 935 19⁵
405 866 433 925 si
452 884 526 925 mox
547 865 651 941 ipsum
671 865 739 924 fieri
759 867 876 943 nequit,
895 865 1037 926 nondum
1053 865 1146 942 plane
1164 864 1315 925 abstersis
1335 863 1458 939 animis,
1478 866 1608 926 tametsi

405 962 594 1039 compositis,
610 964 693 1022 certe
707 966 744 1023 vt
758 962 924 1041 praeterita
936 961 1064 1024 silentio
1082 964 1183 1040 atque,
1199 961 1308 1022 sifieri
1321 962 1428 1038 possit,
1444 962 1607 1024 obliuione

406 1059 553 1120 obruatis.
584 1059 771 1137 Quanquam
779 1080 966 1138 magnorum
977 1063 1122 1121 autorum
1133 1060 1276 1136 exemplo
1284 1059 1413 1119 honeste
1423 1059 1493 1120 fieri
1503 1065 1608 1138 potest

405 1159 442 1217 vt
455 1156 490 1216 in
503 1157 658 1235 aliquibus
671 1157 735 1218 tuis
748 1159 896 1236 illiusque
916 1157 1040 1236 scriptis
1052 1157 1111 1217 hoc
1125 1157 1352 1217 vulnusculum
1366 1161 1490 1217 vestrae
1504 1158 1607 1219 famae

406 1255 547 1316 cicatrice
566 1255 671 1333 aliqua
691 1256 823 1318 honesta
841 1256 892 1317 vel
912 1255 1035 1334 splenio
1053 1254 1185 1316 solerter
1202 1255 1381 1329 obducatur,
1398 1255 1608 1335 hominesque

344 1374 394 1411 aco
406 1353 489 1413 docti
509 1353 691 1431 intelligant
713 1354 946 1414 contentionem
967 1353 1049 1413 hanc
1070 1353 1175 1429 potius
1196 1372 1290 1430 quam
1312 1353 1516 1414 offensionem
1542 1356 1607 1415 ani·

407 1470 532 1511 morum
555 1451 660 1512 irrisae.
715 1451 823 1530 Neque
847 1470 920 1513 vero
944 1470 1017 1511 cum
1036 1470 1073 1510 ea
1093 1452 1132 1511 ad
1153 1452 1184 1509 te
1205 1451 1326 1528 scripsi,
1350 1453 1418 1511 tam
1438 1454 1607 1529 praeterita

407 1548 630 1626 reprehendere
653 1549 748 1619 volui,
773 1570 853 1627 quae
876 1551 940 1611 iam
965 1550 1066 1609 teneri
1094 1568 1159 1609 non
1186 1552 1331 1627 poterant
1359 1552 1392 1608 et
1418 1552 1606 1627 potestatem

407 1652 495 1707 tuam
512 1648 661 1720 exierant,
676 1667 772 1724 quam
792 1646 936 1708 inhibere
957 1648 1142 1724 gliscentem
1163 1647 1397 1708 contentionem
1417 1647 1507 1708 nisus
1524 1668 1606 1718 eum,

408 1763 447 1804 ne
463 1744 547 1805 vltra
568 1745 697 1806 modum
718 1749 888 1806 cresceret:
908 1764 1089 1823 quanquam
1110 1745 1143 1805 id
1165 1747 1201 1805 tu
1222 1745 1313 1805 aliter
1330 1746 1554 1823 interpretaris,
1573 1761 1608 1806 vt

348 1863 395 1914 20⁵
406 1842 486 1903 mihi
506 1862 629 1920 semper
644 1844 750 1921 inique
771 1843 915 1921 suspicax
930 1864 972 1904 es.
1015 1844 1073 1904 Est
1089 1844 1186 1903 etiam
1204 1843 1286 1921 apud
1301 1863 1358 1903 nos
1372 1845 1406 1904 in
1420 1846 1607 1907 uniuersum

407 1940 466 2000 hac
489 1940 527 2000 de
547 1945 651 2001 vestre
670 1940 864 2002 dissensione
884 1941 1047 2015 sententia,
1075 1941 1177 2017 magis
1196 1944 1232 2002 vt
1252 1941 1314 2001 viri
1340 1941 1416 2002 boni
1434 1962 1608 2020 grauesque

407 2036 532 2098 doleant
554 2037 758 2115 intemperiae
779 2039 929 2117 quasdam
949 2040 996 2099 rei
1019 2039 1175 2098 literariae
1196 2039 1340 2099 aduersas
1361 2038 1445 2099 inter
1469 2060 1526 2100 vos
1550 2040 1608 2101 has

408 2135 518 2197 turbas
531 2138 724 2213 excitauisse‚
741 2157 835 2214 quam
849 2141 884 2197 vt
898 2137 1034 2198 alterum
1048 2136 1137 2197 facile
1151 2137 1332 2197 damnaturi
1346 2138 1412 2197 sint
1425 2139 1457 2197 et
1470 2137 1607 2198 alterum

408 2234 588 2308 absoluturi,
611 2236 809 2313 maximeque
824 2238 974 2312 exoptent
992 2255 1049 2296 vos
1067 2235 1101 2295 in
1122 2235 1255 2312 gratiam
1275 2235 1382 2295 redire.
1427 2234 1497 2295 Hoc
1514 2236 1609 2295 modo

350 2355 396 2392 πο
407 2332 537 2393 fortasse
548 2332 664 2393 nobilis
672 2332 729 2393 illa
739 2333 899 2393 contentio
909 2333 993 2393 inter
1002 2333 1235 2409 Hieronymum
1248 2332 1471 2410 Ruffinumque
1481 2332 1606 2407 coaluit,

408 2430 461 2489 sed
489 2430 681 2506 peruicacius
712 2431 907 2507 atrociusque
935 2431 1062 2491 exarsit.
1117 2431 1223 2507 Vsque
1250 2430 1326 2491 adeo
1354 2431 1532 2490 humanum
1558 2434 1608 2491 est

408 2546 541 2603 peccare,
555 2527 650 2604 idque
668 2527 730 2587 fert
749 2528 889 2588 humana
903 2528 1048 2601 conditio,
1064 2530 1100 2589 vt
1112 2527 1147 2588 in
1162 2527 1239 2587 viris
1253 2528 1370 2606 alioqui
1383 2530 1519 2589 summis
1532 2529 1607 2591 haec

408 2623 499 2702 culpa
531 2623 706 2685 luculenter
738 2624 991 2703 deprehendatur
1001 2648 1009 2699 ;
1048 2644 1121 2685 cum
1154 2625 1362 2686 contentionis
1393 2625 1607 2688 blandimenta

408 2722 523 2783 rationi
538 2723 718 2800 obrepentia
736 2723 782 2785 ita
799 2722 961 2783 hominem
979 2722 1179 2800 prouenerint
1196 2722 1231 2782 in
1246 2724 1438 2800 peruicaoem
1452 2725 1608 2791 animum,

349 2846 396 2897 ²¹5
408 2822 445 2881 vt
465 2839 555 2880 secus
574 2821 736 2898 quippiam
756 2819 810 2880 ille
833 2821 938 2898 potius
964 2820 1002 2880 de
1024 2840 1081 2880 sua
1098 2819 1328 2881 existimatione
1349 2821 1491 2882 consulat
1512 2840 1608 2899 quam

409 2920 514 2980 motus
528 2920 739 2996 irrumpentes
751 2918 852 2979 animi
865 2918 1016 2979 inhibeat.

450 3015 614 3093 Equidem,
630 3017 676 3076 mi
691 3017 830 3093 Erasme,
845 3020 882 3077 vt
894 3017 960 3077 iam
973 3014 1159 3093 simpliciter
1171 3018 1275 3075 tecum
1289 3015 1406 3093 loquar,
1419 3037 1518 3093 quum
1532 3017 1609 3078 haec

409 3115 547 3191 primum
568 3115 718 3187 intellexi,
740 3135 805 3175 non
826 3116 1041 3176 condolescere
1062 3114 1121 3174 tibi
1145 3113 1304 3191 l'abroque
1326 3134 1392 3174 non
1412 3116 1524 3192 potui:
1553 3115 1608 3191 qui

409 3214 479 3290 post
492 3215 540 3274 tot
552 3213 709 3289 stipendia
719 3213 753 3272 in
766 3213 891 3274 statiuis
905 3212 1043 3274 Palladis
1056 3212 1189 3272 emerita
1201 3213 1236 3271 in
1250 3232 1307 3273 sua
1317 3216 1447 3289 vterque
1461 3214 1606 3287 statione,

349 3339 397 3376 220
409 3332 506 3391 quum
524 3332 634 3374 omnes
651 3314 716 3373 iam
735 3313 896 3373 iuniorum
914 3312 1134 3388 seniorumque
1156 3312 1314 3371 centuriae
1336 3309 1448 3388 dignos
1468 3330 1525 3370 vos
1542 3330 1610 3371 essa

409 3413 571 3471 censerent
592 3411 647 3487 qui
670 3414 849 3471 nostrarum
873 3410 1051 3470 cohortium
1073 3408 1198 3469 ordines
1226 3409 1388 3480 duceretis,
1413 3409 1518 3469 nescio
1546 3430 1609 3485 quo

407 3508 536 3569 sinistro
546 3509 638 3585 genio
649 3507 821 3586 impulsore
831 3509 866 3567 in
878 3506 1021 3567 ordinem
1032 3526 1088 3565 vos
1098 3526 1207 3566 rursus
1217 3506 1444 3583 propemodum
1454 3506 1609 3584 coegistis.

408 3606 471 3682 Qui
484 3605 512 3667 si
525 3607 621 3666 etiam
635 3606 807 3683 pergeretis
820 3604 994 3665 obfirmatis
1007 3602 1122 3664 animis
1136 3603 1299 3680 indulgere
1312 3606 1343 3662 et
1357 3602 1396 3663 ad
1413 3604 1609 3664 simultatem

409 3724 506 3782 voque
529 3706 666 3781 apertam
689 3704 889 3780 pertinaciter
913 3701 1109 3776 contendere,
1136 3720 1261 3761 vererer
1282 3720 1322 3760 ne
1344 3700 1490 3777 grauium
1507 3701 1609 3773 ‚bono

349 3827 396 3879 ²²⁶
410 3821 540 3879 rumque
554 3801 767 3879 praerogatiua
782 3821 851 3861 aere
867 3820 927 3861 nos
940 3799 1044 3860 laudis
1062 3801 1094 3860 et
1107 3798 1223 3876 gloriae
1240 3799 1369 3858 tandem
1384 3799 1523 3858 dirutum
1540 3800 1607 3860 irat.

411 3899 472 3960 Ille
486 3898 547 3960 etsi
559 3899 638 3962 mihi
651 3899 716 3959 iam
730 3899 807 3959 olim
817 3900 936 3960 amicus
946 3898 1047 3974 magis
1058 3916 1154 3974 quam
1165 3896 1332 3957 familiaris
1342 3900 1374 3956 et
1384 3897 1610 3959 consuetudine

411 3996 493 4057 vitae
520 3997 783 4075 consiliorumque
810 3996 995 4057 commercio
1023 3995 1196 4069 deuincua,
1227 3994 1380 4055 rationem
1408 3995 1532 4055 consilii
1561 3997 1609 4055 sui

412 4094 533 4155 viderit
577 4095 626 4155 Tu
647 4114 727 4165 vero,
743 4094 797 4172 qui
810 4093 891 4155 mihi
907 4092 1118 4170 cognitionem
1138 4092 1268 4153 huiusce
1288 4093 1407 4169 negocii
1425 4093 1533 4152 alteris
1546 4093 1610 4153 iam

412 4194 511 4254 literis
529 4192 681 4267 detulisti,
697 4193 726 4253 ei
740 4192 800 4253 tibi
816 4195 957 4253 constare
978 4190 1027 4251 vis
1042 4193 1075 4250 et
1092 4210 1143 4251 me
1162 4190 1353 4264 lucrifacere,
1372 4210 1435 4266 quo
1454 4190 1489 4250 in
1506 4194 1611 4267 partes

350 4294 481 4367 cantuae
505 4296 671 4365 transeam,
695 4290 730 4349 in
752 4288 995 4367 obtemperantis
1019 4288 1163 4349 habitum
1185 4290 1216 4348 te
1237 4290 1273 4349 vt
1296 4307 1464 4365 componas
1486 4308 1612 4350 necesse

409 4394 468 4466 est,
500 4389 595 4451 etiam
623 4389 651 4449 si
678 4388 780 4449 cordis
807 4408 859 4448 ors
886 4388 1036 4447 reclames
1064 4386 1230 4463 surdisque
1261 4386 1409 4446 dentibus
1439 4386 1608 4447 infrendas.

411 4488 523 4567 Itaque
544 4507 640 4565 apage
661 4485 742 4547 illud
761 4507 798 4546 ex
816 4486 879 4547 tuis
894 4484 1002 4557 literis,
1021 4483 1088 4545 ‘Tu
1110 4486 1139 4545 ei
1158 4484 1209 4545 hic
1230 4484 1283 4558 sis,
1299 4483 1344 4543 mi
1363 4484 1495 4557 Endesa,
1520 4483 1613 4545 aliter

410 4586 565 4663 aliterque
578 4586 717 4646 sentias'

454 4684 582 4745 Etenim
598 4684 657 4744 hac
674 4683 713 4743 de
730 4702 762 4742 re
780 4682 825 4743 sic
844 4700 971 4742 censeo:
991 4682 1072 4742 Cum
1091 4680 1173 4740 vitae
1194 4681 1353 4740 humanae
1373 4699 1409 4739 ea
1428 4680 1471 4739 sit
1492 4680 1526 4738 in
1546 4681 1622 4740 vni-

457 4853 513 4897 aog
531 4838 655 4885 nisusEz
673 4836 793 4886 uisusH.
891 4837 949 4884 206.
966 4835 1066 4883 hacE:
1083 4832 1179 4882 thaso.
1287 4846 1343 4882 aaa
1363 4836 1445 4881 vosN
1454 4848 1460 4881 ι
1479 4847 1528 4882 nos
1540 4836 1568 4882 Ε.

423 4944 430 4949 ¹
447 4986 503 5036 aad.
523 4983 629 5049 alteris]
641 4985 681 5034 Cf.
696 4983 713 5031 l.
728 4998 760 5043 34
772 4997 799 5032 n.
813 4982 868 5033 and
880 4983 929 5046 Ep.
942 4982 997 5044 778.
1071 4995 1127 5042 232.
1145 4981 1184 5030 'I'u
1196 4980 1221 5030 si
1231 4979 1290 5044 hic]
1302 4980 1341 5030 Gt.
1358 4981 1404 5043 Ep.
1420 4984 1475 5042 778.
1492 4997 1545 5042 172.
