3867 6034
289 704 364 789 ce]
702 713 755 774 no
783 713 873 776 rna
901 712 1080 775 namna
1425 719 1484 779 101

286 864 513 927 runcinam!
554 866 807 947 Suntplaeriquo
821 870 937 931 senam
950 870 1086 944 iambica
1101 870 1156 931 ee
1169 846 1485 963 moisiacum

285 963 465 1025 libertatem
484 984 549 1025 non
568 966 732 1045 fugientes
778 966 811 1027 Si
825 968 908 1047 quod
927 968 1087 1030 diuersum
1106 988 1205 1046 genus
1223 968 1512 1045 inciddrit{.anno·5

283 1061 430 1123 tabimua
478 1062 642 1123 Caeterum
670 1065 725 1141 qui
752 1066 832 1126 scire
860 1065 945 1127 volet
974 1086 992 1127 a
1020 1085 1115 1143 quam
1143 1067 1333 1143 portentosis
1350 1053 1486 1149 mue'ndis

282 1159 342 1220 hos
362 1161 478 1221 Mimos
498 1162 770 1238 vindicauorimus,
792 1164 820 1225 is
840 1164 980 1225 conferat
999 1183 1072 1225 eum
1092 1164 1132 1225 iis
1152 1184 1230 1244 quos
1252 1168 1325 1226 ante
1347 1157 1501 1253 necuim-¹

281 1258 474 1320 seditionem
488 1260 645 1321 habebant
658 1261 781 1339 vulgati
795 1263 923 1323 codices
966 1263 1053 1339 Vale,
1069 1263 1172 1338 lector,
1189 1265 1222 1322 ct
1234 1262 1344 1324 fruere.

667 1459 739 1520 679.
783 1454 832 1520 Το
856 1472 926 1520 rna
949 1455 1103 1520 Rmnnn

318 1590 451 1647 Disticha
462 1592 579 1649 Catonis
590 1592 624 1649 fo·
636 1593 665 1650 i2.
1275 1590 1448 1663 (louvain.)

1302 1676 1417 1751 (1517·>

317 1802 328 1866 [
340 1803 365 1852 A
377 1804 483 1864 presaee
494 1802 581 1853 added
590 1808 618 1853 to
625 1804 761 1853 Erasmus'
770 1806 910 1851 institutam
920 1803 1051 1850 camdeni
1062 1801 1174 1846 Hominis
1186 1798 1230 1862 (oi.
1243 1799 1294 1861 Ep.
1306 1800 1355 1859 298
1367 1801 1481 1867 introd.)

282 1870 313 1916 in
326 1868 375 1917 the
385 1869 496 1918 volume
507 1869 577 1918 from
588 1870 680 1919 which
693 1868 742 1933 Ep.
755 1869 805 1929 676
816 1868 840 1916 is
850 1865 971 1915 derived.
1005 1864 1061 1913 'l'he
1073 1877 1180 1912 sources
1191 1878 1237 1913 are
1248 1878 1278 1912 ns
1288 1864 1318 1912 in
1330 1864 1380 1926 Ep.
1392 1866 1465 1931 ⁶7⁸]

531 1999 688 2047 ERASMVS
710 1998 963 2048 ROTERODAMVS
986 1996 1131 2046 LECTORI
1153 1999 1180 2047 S.
1201 1998 1233 2044 D.

322 2122 388 2182 Fac
416 2121 605 2197 memineris,
635 2120 741 2196 lector,
767 2140 846 2198 quae
872 2120 1024 2181 hactenus
1051 2120 1165 2198 legisti,
1190 2120 1390 2183 ethnicorum
1415 2142 1482 2186 esse

276 2220 411 2295 decreta,
427 2223 462 2279 vt
482 2220 561 2281 scias
579 2238 652 2280 cum
670 2219 784 2280 iudicio
801 2238 868 2280 esse
885 2217 1025 2296 legenda
1070 2218 1154 2293 Quae
1171 2238 1255 2279 nunc
1272 2217 1365 2296 leges,
1382 2218 1482 2298 ipsius

280 2317 399 2379 Christi
420 2321 453 2378 et
474 2321 598 2379 sanctae
620 2317 778 2378 Ecclesiae
805 2320 880 2378 sunt
905 2316 1036 2391 oracula,
1061 2335 1139 2393 quae
1160 2318 1231 2376 tuto
1252 2318 1342 2392 sequi
1362 2317 1480 2394 possis:

277 2416 345 2476 imo
367 2435 447 2494 quae
470 2417 536 2476 sola
560 2417 687 2477 beatum
714 2414 835 2494 possint
859 2414 988 2475 efficere.
1031 2412 1168 2474 Proinde
1195 2413 1240 2474 sic
1263 2413 1331 2492 lego
1353 2417 1389 2475 vt
1413 2435 1481 2477 rem

276 2515 457 2591 seriumne
478 2515 554 2576 vale.
1493 2541 1506 2589 ⁵

593 2689 668 2752 680.
713 2685 813 2751 Fnou
836 2685 932 2750 Jonn
955 2682 1162 2750 cresimus.

312 2821 456 2878 Deventer
468 2821 527 2877 MS.
541 2838 585 2892 91,
599 2821 619 2878 f.
632 2837 691 2876 222.
1202 2818 1336 2891 Cologne.

313 2910 370 2966 LB.
382 2911 455 2981 App.
472 2914 531 2982 189.
1098 2923 1131 2963 22
1145 2906 1310 2978 September
1325 2906 1440 2980 (1517).

526 3032 614 3097 [1517‚
627 3032 740 3080 because
752 3033 781 3082 oi
790 3033 838 3081 the
850 3035 1022 3094 controversy
1035 3031 1105 3081 with
1117 3028 1224 3095 Faben]

557 3164 706 3212 IOANNES
726 3164 892 3215 cussmvs
914 3164 1051 3213 ERASMO
1074 3164 1137 3212 SVO
1163 3164 1190 3211 S.

313 3286 394 3346 Vm1
424 3286 566 3347 libellum
590 3287 642 3347 his
666 3287 777 3348 diebus
799 3289 838 3349 ad
862 3286 1000 3349 Fabrum
1023 3287 1241 3366 Stapulensem
1265 3288 1476 3366 apologeticon

271 3389 328 3445 tuo
350 3386 479 3445 nomine
499 3385 637 3446 editum:
659 3385 721 3462 legi
742 3386 886 3446 eundem.
932 3385 1121 3446 Incredibile
1141 3389 1189 3447 est
1203 3405 1297 3464 quam
1318 3387 1476 3447 indoleam

272 3485 436 3561 viriusque
450 3485 542 3558 vices,
555 3504 618 3544 non
630 3483 710 3561 quod
725 3484 862 3545 nesciam
876 3483 1060 3545 huiusmodi
1073 3483 1252 3544 conflictum
1266 3484 1351 3545 inter
1365 3484 1475 3545 doctis·

272 3583 372 3642 simos
392 3583 478 3642 viros
497 3582 593 3642 fuisse
616 3601 738 3659 semper
760 3602 817 3643 nee
837 3582 877 3642 ab
897 3603 935 3643 eo
955 3582 1169 3643 sanctissimos
1189 3583 1285 3643 etiam
1305 3584 1391 3643 viros
1412 3583 1474 3643 sibi

273 3685 473 3757 temperasse,
503 3678 557 3740 sed
586 3680 667 3756 quod
695 3700 751 3756 pro
780 3680 958 3741 conditione
986 3680 1136 3759 temporis
1167 3680 1297 3739 minime
1329 3681 1503 3757 expedire5

271 3778 414 3838 videtur:
447 3779 560 3856 quippe
586 3778 640 3839 vbi
665 3778 727 3837 iam
752 3778 875 3838 barbari
899 3779 1044 3838 homines
1069 3779 1123 3854 qui
1147 3797 1203 3837 vos
1230 3777 1401 3855 capitaliter
1428 3779 1473 3839 in·

270 3880 441 3947 sectentur,
457 3876 489 3936 id
503 3877 666 3951 senserint,
684 3876 800 3950 doctos,
816 3878 913 3938 immo
927 3881 1041 3941 tant-os,
1057 3876 1143 3936 viros
1156 3876 1239 3935 inter
1251 3895 1284 3935 se
1299 3875 1471 3954 digladiari,

271 3974 382 4053 quanti
397 3993 454 4035 vos
474 3973 550 4034 estis
571 3973 655 4034 fama
675 3979 707 4034 et
727 3974 871 4051 opinione
893 3974 1072 4045 certissima,
1095 3994 1158 4034 non
1179 3972 1312 4034 dubium
1333 3978 1381 4035 eet
1394 3976 1472 4054 quin

271 4092 419 4150 magnam
435 4072 472 4132 de
487 4093 520 4132 se
538 4091 624 4149 spem
642 4072 817 4149 concipiant
830 4072 961 4132 victorie
979 4074 1089 4132 contra
1101 4092 1166 4133 vos
1210 4072 1271 4134 Sed
1285 4072 1374 4134 fallet
1387 4074 1471 4135 haud

270 4171 363 4232 dubie
381 4169 454 4231 illos
471 4190 526 4230 sua
540 4190 697 4248 quemque
717 4170 832 4247 opinio,
848 4174 986 4244 vtvana,
1008 4170 1052 4230 ita
1072 4170 1194 4232 friuola
1237 4170 1309 4232 Non
1330 4191 1468 4249 possum,
1485 4190 1516 4225 10

270 4270 315 4329 mi
340 4270 480 4342 Etanna,
507 4272 599 4328 tuum
627 4269 661 4328 in
686 4269 745 4327 hac
773 4289 806 4328 re
832 4269 1016 4329 institutum
1044 4269 1227 4348 improbare,
1251 4271 1304 4330 sed
1328 4273 1363 4329 vt
1388 4269 1472 4329 inter

269 4366 438 4445 legendum
458 4366 633 4427 admiratus
645 4364 761 4443 vbique
782 4385 852 4426 sum
875 4366 995 4443 ingenii
1015 4368 1063 4428 tui
1084 4386 1225 4439 acumen,
1244 4366 1288 4427 ita
1308 4386 1372 4425 non
1393 4366 1470 4426 satis

269 4464 416 4525 demirari
436 4464 526 4540 potui
545 4464 619 4541 quid
638 4463 765 4538 bonum,
782 4464 881 4524 immo
896 4464 1061 4540 optimum,
1076 4464 1169 4524 illum
1183 4464 1287 4523 virum
1306 4462 1471 4540 impulerit

267 4567 308 4636 vt,
321 4562 350 4623 si
359 4561 479 4621 bellum
491 4565 558 4622 erat
568 4561 618 4620 illi
627 4561 868 4640 suscipiendum,
879 4562 911 4621 id
921 4562 1086 4623 aduersum
1099 4565 1130 4621 te
1141 4561 1279 4638 primum
1290 4561 1468 4638 tentauerit,

270 4680 362 4737 quem
385 4659 503 4720 sciebat
527 4661 553 4719 si
579 4680 643 4719 uon
668 4661 859 4736 superiorem
884 4681 926 4734 se,
951 4679 1058 4737 parem
1080 4663 1207 4731 tamen3
1238 4662 1277 4733 et,
1305 4662 1340 4717 vt
1362 4663 1469 4723 contra
1484 4679 1512 4729 ¹5

299 4809 358 4857 678.
377 4825 401 4868 4.
429 4808 539 4856 iambici
558 4824 607 4868 ⁰7²
634 4823 678 4855 om.
699 4808 734 4859 13².
871 4808 916 4856 scd
939 4844 944 4855 .
966 4846 972 4857 .
997 4846 1002 4856 .
1023 4823 1047 4869 5.
1074 4808 1209 4869 fugientes
1228 4810 1287 4855 odd.
1307 4809 1336 4856 t:
1363 4822 1408 4856 om.
1428 4824 1464 4857 cs.

267 4874 323 4922 659.
348 4888 372 4921 2.
397 4874 467 4934 leges
483 4890 534 4934 αγε
557 4873 630 4935 leges
646 4873 682 4926 13².
783 4874 839 4922 680.
862 4890 887 4937 9.
912 4877 966 4923 LB:
991 4875 1149 4935 concipiunt
1165 4890 1189 4920 c.

269 4966 522 4976 ——-.------

555 5005 611 5053 679.
633 5020 654 5053 1.
674 5004 817 5068 hactenus]
830 5005 865 5054 Iu
877 5005 935 5055 this
945 5005 1051 5055 edition
1062 5005 1090 5053 ol
1100 5005 1173 5056 Cato.
