3867 6034
491 699 553 759 500
836 699 1029 761 LETTERS
1059 694 1113 760 OF
1140 699 1339 762 ERASMUS
1598 698 1697 783 [1519

491 857 638 918 nonnulli
659 877 676 918 e
694 859 800 919 nostro
820 858 1040 934 contubernio,
1060 858 1176 935 quibus
1197 862 1305 920 tamen
1327 859 1385 919 hac
1406 859 1440 919 in
1460 862 1551 937 parte
1572 860 1696 938 aliquid

491 975 564 1033 prae
578 956 705 1018 caeteris
719 958 857 1018 tribuere
875 956 971 1031 soleo,
984 956 1146 1033 postulant
1164 960 1196 1018 et
1215 957 1385 1036 efflagitant
1399 961 1434 1018 vt
1453 958 1499 1018 eis
1516 957 1553 1017 in
1570 958 1696 1020 ratione

491 1053 589 1114 studii
608 1054 796 1116 subuenism
816 1057 859 1127 et,
877 1074 938 1133 quo
958 1054 1060 1132 magis
1076 1059 1213 1131 stupeas,
1232 1056 1267 1115 in
1286 1056 1463 1133 eloquentia
1482 1056 1696 1134 percipienda,

491 1170 585 1229 quam
598 1171 649 1212 me
663 1153 774 1213 dieunt
787 1152 985 1213 mediocriter
999 1154 1172 1213 executum.
1217 1155 1263 1213 At
1276 1173 1333 1230 ego
1348 1174 1411 1214 non
1425 1153 1575 1230 ignorans
1590 1175 1696 1215 meam

446 1270 477 1321 5⁵
490 1250 676 1310 tenuitatem
689 1269 845 1328 quamque
858 1249 901 1310 sit
913 1248 996 1310 mihi
1015 1249 1101 1310 domi
1119 1252 1206 1311 curta
1225 1251 1376 1328 supellex,
1391 1251 1509 1328 quique
1527 1251 1609 1313 haec
1629 1252 1697 1330 ipsa

490 1347 587 1409 etism
611 1368 675 1408 non
697 1348 766 1408 sine
788 1348 907 1425 pudore
926 1346 1029 1422 audie,
1051 1347 1185 1425 ingenue
1206 1347 1353 1423 profiteor
1374 1348 1456 1408 nihil
1478 1348 1562 1409 mihi
1585 1350 1696 1411 adesse

490 1445 692 1525 eloquentiae,
714 1446 988 1522 promptissimum
1010 1448 1117 1505 tamen
1138 1445 1204 1506 fore
1225 1449 1292 1507 tam
1314 1446 1377 1523 piis
1398 1445 1525 1507 illorum
1551 1451 1646 1519 votis,
1669 1448 1696 1507 si

491 1547 669 1622 suppeteret
682 1543 829 1605 facultas:
850 1546 884 1604 at
897 1544 960 1604 iam
975 1543 1133 1604 incassum
1148 1563 1201 1604 eos
1217 1544 1280 1604 tale
1298 1544 1413 1622 aliquid
1428 1566 1447 1605 a
1460 1565 1512 1606 me
1526 1548 1646 1623 petere,
1661 1546 1694 1607 in

490 1663 552 1722 quo
578 1662 634 1703 nec
666 1641 810 1720 mihiipsi
838 1642 921 1718 (licet
953 1642 986 1703 id
1019 1642 1157 1702 maxime
1184 1642 1323 1719 cupiam)
1349 1643 1528 1705 satisfacere
1556 1645 1690 1706 valeam.

444 1743 478 1795 60
490 1741 697 1803 Sciscitantur
710 1743 869 1817 praeterea
883 1739 958 1817 quid
969 1742 1004 1801 tu
1019 1739 1100 1800 mihi
1113 1740 1368 1817 praeceptionum
1382 1744 1437 1803 aut
1450 1742 1693 1804 institutionum

489 1839 639 1917 primitus
652 1838 825 1900 tradideris
870 1838 1052 1916 Respondeo
1066 1840 1226 1899 monuisse
1243 1840 1276 1898 te
1292 1839 1441 1916 quatinus
1455 1839 1693 1918 Hieronymum

489 1936 625 2014 legerem
646 1939 679 1996 et
696 1937 777 1997 ahos
794 1936 924 2014 quosuis
941 1939 1064 1997 veteres
1083 1939 1116 1996 et
1133 1936 1310 1997 autenticos
1323 1938 1488 1999 authores:
1511 1960 1570 1999 nec
1585 1942 1691 2001 tamen

489 2034 553 2096 hiis
565 2035 704 2096 contenti
717 2035 875 2095 desistunt
888 2034 928 2094 ab
941 2034 1122 2112 importuna
1134 2034 1355 2111 postulatione.
1389 2036 1528 2097 'lantum
1542 2039 1693 2114 egestatis

488 2134 520 2192 et
540 2132 664 2209 inopiae
684 2133 766 2210 apud
788 2152 845 2192 nos
865 2132 963 2193 bonae
983 2132 1051 2209 spei
1073 2131 1198 2208 ingenia
1219 2133 1387 2205 sustinent,
1403 2137 1437 2193 vt
1458 2135 1509 2194 vel
1532 2153 1583 2194 me
1606 2156 1691 2213 prae

441 2234 476 2301 ⁶5
489 2234 647 2307 captorem
661 2250 724 2292 non
738 2234 953 2308 aspernentur.
992 2230 1078 2290 Proh
1093 2229 1198 2290 dolor!
1238 2229 1310 2290 Non
1325 2231 1421 2307 pudet
1436 2250 1494 2291 nos
1507 2233 1690 2308 Augustino

488 2332 576 2408 patre
595 2329 733 2407 gloriari,
753 2349 825 2390 cum
847 2332 954 2390 tamen
977 2329 1131 2388 bonarum
1152 2328 1317 2388 literarum
1338 2329 1419 2405 apud
1441 2348 1509 2402 nos,
1524 2350 1565 2390 ne
1585 2331 1690 2392 dicam

488 2425 608 2500 nullus,
630 2430 712 2487 certe
732 2426 930 2504 permodicus
950 2427 1026 2487 adeo
1049 2425 1091 2486 sit
1111 2444 1196 2486 vens.
1237 2425 1379 2503 Singulis
1398 2427 1576 2504 quibusque
1596 2430 1689 2490 rebus

489 2544 546 2585 sua
558 2525 726 2585 distributa
741 2529 817 2586 sunt
831 2528 987 2603 tempora:
1008 2528 1040 2586 at
1054 2523 1216 2584 literarum
1236 2523 1353 2584 studiis
1371 2543 1426 2585 ceu
1441 2544 1554 2601 parum
1567 2525 1609 2586 ad
1623 2546 1690 2587 ram

488 2622 675 2682 iacientibus
695 2623 791 2683 nnius
811 2624 975 2683 dumtaxat
995 2622 1124 2683 horulae
1145 2622 1330 2699 deputatum
1348 2626 1395 2683 est
1414 2622 1564 2699 spacium.
1612 2625 1690 2701 Quis

446 2736 477 2786 το
488 2720 558 2780 aeui
570 2719 667 2780 huius
680 2739 744 2780 non
759 2720 900 2797 deploret
913 2720 1155 2781 infelicitatem?

529 2817 589 2878 Sed
604 2818 642 2877 de
656 2817 720 2877 hiis
733 2818 866 2894 parcius,
880 2838 921 2879 ne
934 2818 1050 2878 veteris
1067 2817 1212 2878 inscitiae
1226 2817 1366 2878 alumnis
1379 2818 1478 2878 bilem
1491 2838 1686 2881 moneamus

487 2915 650 2977 Sudariola
663 2915 739 2976 haec
753 2919 861 2994 parata
874 2915 971 2976 habui
984 2918 1058 2977 ante
1071 2915 1138 2975 dies
1151 2915 1285 2992 aliquot,
1300 2936 1357 2976 nec
1371 2915 1433 2976 alio
1448 2917 1578 2977 nomine
1593 2938 1688 2995 quam

488 3016 524 3075 vt
538 3012 670 3075 Erasmo
684 3014 892 3075 mitterentur.
936 3014 1056 3074 Verum
1071 3014 1251 3074 retrahebat
1265 3015 1376 3091 pudor,
1391 3034 1463 3074 cum
1477 3014 1552 3090 quia
1567 3016 1687 3077 nullius

487 3113 641 3174 momenti
654 3113 816 3172 xeniolum
833 3132 900 3173 esse
919 3131 1151 3190 conspexeram,
1166 3115 1236 3171 tum
1257 3112 1410 3188 quianon
1428 3113 1526 3172 semel
1540 3119 1688 3192 expertus

443 3222 474 3277 ts
486 3230 573 3272 aram
586 3214 704 3287 quanto
717 3230 840 3289 semper
853 3211 973 3271 maiora
986 3210 1182 3271 retribueres.
1228 3210 1321 3269 Nunc
1334 3229 1409 3270 rere
1425 3211 1480 3270 abs
1500 3213 1531 3270 te
1550 3214 1687 3287 granato

487 3328 617 3370 munere
638 3311 840 3386 praeuentus,
861 3329 916 3369 cur
937 3308 1070 3369 ulterius
1091 3326 1194 3367 morer
1215 3307 1332 3384 ignoro.
1377 3308 1455 3368 Vale
1476 3308 1621 3384 feliciter,
1642 3312 1687 3371 mi

487 3406 707 3468 candidissime
719 3407 861 3481 Erasme,
876 3407 1040 3468 Mecoenas
1054 3407 1179 3481 optime.

527 3504 655 3580 Raptim
669 3523 707 3563 ex
722 3506 827 3563 nostra
841 3503 953 3564 cellula
971 3502 1006 3561 in
1025 3502 1172 3563 coenobio
1187 3502 1418 3563 canonicorum
1433 3502 1686 3579 Martinensium,

486 3622 570 3663 anno
583 3602 671 3663 verbi
684 3602 845 3662 incarnati.
891 3619 1005 3662 unxlx.

518 3813 560 3860 51·
576 3798 705 3847 nonnulli
716 3813 731 3846 e
742 3803 833 3846 nostro
844 3798 862 3850 β
874 3815 881 3845 t
902 3796 1014 3856 quidam
1025 3809 1040 3841 e
1052 3792 1167 3841 iratrum
1178 3796 1331 3841 nostrorum
1343 3810 1367 3841 α.
1483 3808 1524 3855 54.
1543 3799 1685 3844 executum

486 3865 523 3917 d:
540 3863 782 3926 apprehendissee.
866 3876 954 3910 meam
966 3860 1130 3908 tenuitatem
1141 3860 1324 3919 quamqueB:
1342 3872 1423 3919 quam
1435 3875 1459 3907 α.
1569 3863 1612 3920 5⁶·
1630 3877 1684 3911 non

486 3930 546 3978 sine
557 3928 658 3991 pudore
669 3932 705 3983 s:
722 3928 872 3977 verecunde
881 3946 904 3976 e.
1003 3939 1043 3987 57.
1060 3923 1172 3972 illorum
1184 3927 1240 3972 odd.
1252 3924 1278 3976 β.
1373 3925 1412 3971 6ο.
1431 3941 1446 3970 e
1459 3940 1465 3971 ε
1483 3924 1649 3975 Siscitantur
1659 3933 1686 3980 β.

486 3997 669 4056 praeterea&
686 3995 824 4043 interese.
889 3995 924 4047 βε
941 3991 1165 4041 istitutionunro.
1240 3990 1280 4049 63.
1298 3988 1398 4036 hiise:
1416 3989 1496 4041 hisfl.
1585 3992 1627 4052 ⁶4·
1644 3994 1686 4040 in.

486 4060 561 4122 opiae
572 4062 590 4114 β
601 4078 607 4109 :
624 4060 745 4108 miseriae
755 4077 779 4109 e.
904 4060 944 4119 ⁶5
964 4070 1020 4106 non
1031 4058 1212 4118 aspernentur
1222 4056 1240 4109 β
1252 4071 1258 4102 :
1275 4068 1332 4102 non
1343 4054 1423 4102 modo
1434 4068 1490 4102 non
1501 4062 1687 4117 aspernentur

485 4125 779 4188 sedetdesyderento.
883 4123 956 4173 Proh
967 4121 1044 4171 dolor
1054 4125 1110 4170 odd.
1124 4123 1150 4174 β.
1254 4119 1338 4181 pudet
1349 4120 1444 4172 nosfl:
1461 4122 1647 4172 erubescimus
1659 4142 1682 4172 a.

484 4193 525 4242 ⁶⁶.
543 4193 728 4245 tamenonass.
825 4192 866 4251 ⁶7·
883 4187 1053 4252 permodicus
1063 4186 1175 4240 sdeofl:
1192 4185 1352 4247 perexiguus
1363 4203 1387 4233 a.
1480 4188 1521 4236 68.
1539 4186 1683 4237 literarum

485 4257 585 4306 studiis
597 4259 693 4309 ceufl:
711 4255 798 4305 literis
809 4258 885 4317 qnasi
897 4272 920 4304 α.
1013 4255 1054 4315 69.
1072 4251 1279 4303 facientibusd:
1297 4251 1508 4299 conducentibus
1520 4269 1543 4301 a.
1606 4253 1683 4302 dum.

485 4326 561 4372 taxat
572 4322 685 4371 horulae
697 4320 858 4384 deputatum
869 4324 887 4375 β
899 4338 905 4369 :
922 4318 1032 4368 horulae
1043 4319 1151 4366 tantum
1163 4316 1297 4365 tributum
1307 4333 1331 4363 a.
1427 4331 1466 4376 71.
1483 4317 1540 4365 hiis
1549 4335 1565 4364 e
1576 4335 1582 4365 :
1600 4318 1646 4368 his
1657 4322 1682 4372 a.

485 4389 854 4441 ne...m0ueamusedd.fl.
972 4399 1012 4445 72.
1028 4383 1217 4435 Sndariclad:
1234 4381 1349 4443 Peplae.
1466 4396 1504 4443 73.
1523 4383 1683 4439 Erasmus:

486 4455 571 4503 tibia.
647 4453 748 4502 Verum
760 4452 914 4501 retrahebat
926 4451 1060 4515 pudore:
1076 4448 1123 4497 sed
1134 4448 1266 4497 reueritus
1277 4461 1337 4495 sum
1349 4463 1373 4493 a.
1484 4463 1523 4508 74.
1542 4450 1682 4498 xeniolum

484 4519 786 4581 esseconspexeramfl:
804 4517 962 4580 reputaris.
1079 4530 1117 4575 75.
1137 4514 1288 4575 quantod:
1305 4526 1421 4572 quamn.
1513 4515 1683 4567 veroabsB:

485 4600 535 4635 so.
635 4599 672 4645 ῃ.
691 4583 884 4632 candidissime
896 4621 902 4633 .
914 4620 921 4633 .
934 4619 941 4632 .
956 4597 995 4644 79.
1009 4593 1093 4629 unm
1104 4581 1139 4633 d:
1156 4578 1316 4628 suauissima
1328 4578 1436 4625 Erasme
1448 4595 1472 4625 a.

489 4705 591 4715 -υ-ι

517 4781 558 4829 55.
577 4766 709 4831 supellex]
723 4767 795 4816 Pers.
807 4782 830 4826 4.
844 4779 884 4827 52.
1141 4761 1182 4809 61.
1200 4757 1411 4822 Hieronymum]
1424 4758 1463 4808 Ol.
1476 4758 1524 4822 Ep.
1539 4774 1596 4823 ⁷⁵⁰·
1608 4777 1632 4823 4.
