3867 6034
388 716 448 777 174
547 745 549 750 ·
736 712 926 776 scissus
952 713 1007 775 OF
1034 711 1235 774 ERASMUS
1489 711 1585 797 [¹517

343 897 376 945 4ο
388 878 503 939 Postea
515 876 550 937 in
565 874 716 936 comitatu
733 892 857 951 semper
874 873 943 946 fuit,
961 875 994 933 et
1013 871 1095 949 apud
1114 870 1249 932 Culesios
1267 874 1300 931 et
1318 872 1441 950 Anglos
1458 873 1493 932 in
1507 874 1588 951 legs·

388 978 485 1038 tione.
528 975 576 1036 Ex
596 993 659 1052 qua
677 973 730 1033 his
749 972 859 1033 diebus
879 992 952 1033 cum
974 972 1103 1034 redisset
1123 975 1155 1033 et
1175 972 1234 1032 hac
1254 970 1331 1032 vrbe
1351 973 1529 1048 transisset,
1547 974 1587 1035 sd

388 1074 555 1153 prandium
574 1072 630 1146 iui,
653 1070 708 1133 vbi
727 1090 801 1149 prce
821 1070 1025 1131 multitudine
1045 1069 1221 1131 triclinium
1240 1072 1374 1130 stratum
1396 1074 1471 1132 erat.
1516 1076 1590 1152 Περὶ

389 1177 444 1233 σοῦ
455 1173 550 1233 verba
561 1171 636 1232 feci:
657 1169 810 1231 habebam
824 1168 931 1231 literas
943 1173 1015 1231 tuas
1031 1169 1067 1229 in
1084 1168 1158 1230 sinu
1172 1189 1251 1243 meo,
1267 1189 1345 1246 quas
1358 1174 1466 1230 tsmen
1479 1174 1508 1232 ei
1523 1192 1588 1234 non

388 1270 520 1332 ostendi.
564 1269 641 1329 Post
660 1267 829 1346 prandium
849 1269 937 1329 venit
954 1268 1136 1341 Glareanus,
1155 1270 1191 1328 vt
1211 1287 1285 1329 eum
1305 1268 1463 1330 salutaret
1506 1270 1588 1332 Gum

345 1389 375 1438 45
388 1388 445 1446 ego
466 1368 599 1428 redirem
619 1369 650 1427 et
671 1365 844 1442 Episcopus
864 1366 928 1425 iam
948 1365 984 1426 in
1004 1364 1182 1427 cubiculum
1202 1366 1336 1427 interius
1357 1386 1390 1426 se
1411 1369 1585 1445 recepisset,

389 1466 468 1528 redii
481 1469 517 1526 vt
529 1485 603 1525 eum
616 1464 677 1541 ipsi
695 1467 808 1524 notum
821 1462 972 1524 iacerem:
993 1461 1044 1524 cui
1058 1463 1210 1524 Glsreano
1224 1464 1307 1541 quod
1321 1484 1339 1525 a
1352 1483 1403 1523 me
1415 1466 1508 1541 petiit
1522 1485 1588 1526 non

388 1564 509 1641 negaui,
525 1563 573 1624 tui
591 1561 692 1639 gratis
710 1561 766 1638 qui
784 1580 836 1621 me
855 1562 901 1621 ita
919 1561 1019 1623 facere
1036 1562 1133 1622 iubes
1179 1561 1295 1622 Parum
1313 1565 1420 1622 temen
1441 1564 1522 1624 mihi
1539 1566 1589 1624 est

388 1662 546 1736 molestus,
562 1680 620 1721 nec
634 1659 696 1720 nisi
709 1679 779 1720 raro
791 1658 884 1720 video
897 1658 1067 1721 hominem.

430 1760 593 1820 Huttenus
606 1758 663 1817 hcc
681 1756 816 1831 mandit,
831 1758 881 1817 vir
899 1757 1029 1817 omnino
1043 1758 1175 1818 festinus
1188 1761 1220 1817 et
1233 1757 1332 1818 comis
1345 1761 1377 1818 et
1391 1756 1589 1819 nobilitatem

345 1879 378 1929 50
388 1856 690 1935 generositatemque
709 1874 781 1931 prse
799 1874 833 1913 se
852 1856 963 1917 ferens
1006 1856 1090 1915 Eum
1103 1854 1251 1917 conuiuio
1264 1854 1458 1933 accepissem,
1473 1856 1501 1915 si
1518 1876 1590 1934 pre

389 1955 517 2015 mittere
536 1953 706 2024 voluissst;
731 1951 785 2011 sed
805 1953 888 2027 apud
909 1952 1049 2013 Rursum
1070 1973 1144 2013 eum
1165 1953 1304 2029 primum
1325 1952 1399 2029 vidi,
1420 1973 1492 2013 cum
1513 1953 1590 2014 illuc

391 2053 429 2114 ad
455 2051 624 2128 prandium
651 2052 781 2110 vocatus
807 2068 918 2124 essem,
944 2055 977 2111 et
1003 2052 1183 2112 Huttenum
1209 2051 1276 2112 illic
1303 2070 1369 2112 esse
1396 2052 1587 2129 ignorarem.

346 2197 349 2202 ,
391 2148 547 2211 Postridie
573 2147 721 2222 discessit,
749 2148 907 2209 rediturus
934 2149 999 2225 hsc,
1028 2154 1066 2211 vt
1093 2152 1247 2229 promisit
1301 2149 1453 2211 Deloinus
1481 2150 1590 2212 literas

389 2248 509 2310 iamdiu
523 2247 713 2323 conscriptas
725 2245 827 2321 habet,
841 2248 893 2307 sed
908 2267 994 2309 mem
1007 2250 1197 2327 expectabat,
1209 2252 1247 2309 vt
1260 2249 1355 2310 simul
1369 2249 1587 2311 scriberemus.

346 2368 377 2417 55
392 2347 527 2408 Interim
543 2366 601 2422 ego
619 2346 675 2405 diu
689 2346 859 2406 rusticatus
872 2365 952 2421 sum,
969 2350 1001 2408 et
1014 2349 1151 2425 negociis
1163 2347 1337 2425 implicitus
1355 2347 1489 2408 scribere
1502 2348 1543 2408 sd
1556 2351 1589 2408 te

390 2446 541 2506 hactenus
553 2444 673 2505 distuli
704 2443 796 2504 Nunc
805 2444 921 2521 raptim
933 2465 1027 2507 mane
1040 2446 1157 2523 scripsi,
1171 2465 1244 2506 cum
1254 2465 1380 2523 peregre
1393 2445 1591 2523 profecturus

391 2562 502 2617 essem,
518 2545 549 2603 et
562 2543 629 2602 ruri
646 2540 753 2601 literas
770 2544 841 2602 tuas
858 2544 1064 2620 accepissem:
1085 2563 1104 2604 a
1121 2543 1255 2622 prandio
1268 2545 1356 2604 enim
1370 2543 1518 2620 Episcopi
1532 2562 1590 2621 ego

392 2641 594 2701 discemeram
607 2658 668 2714 rus,
684 2641 716 2699 et
729 2640 880 2715 postridie
894 2641 1067 2718 Episcopus
1080 2642 1236 2719 profectus
1249 2644 1297 2702 eet
1310 2642 1349 2701 ad
1364 2641 1494 2718 Regem.

434 2737 523 2814 Quod
545 2736 634 2797 iubes
653 2756 705 2796 me
725 2737 859 2798 scribere
877 2738 1052 2813 Tunstallo,
1067 2738 1155 2800 deest
1175 2738 1256 2799 mihi
1276 2741 1508 2816 argumentum,
1528 2738 1591 2798 nisi

347 2836 446 2898 soille
473 2836 511 2896 ad
540 2854 642 2895 mesm
671 2854 817 2913 magnam
842 2836 1006 2914 epistolem
1033 2837 1231 2914 rescripserit
1284 2836 1432 2898 Dolerem
1459 2836 1591 2897 omnino

392 2939 486 3013 atque
507 2935 602 2994 etiam
623 2953 801 3008 moererem,
818 2934 919 3013 siquid
939 2936 969 2996 ei
986 2935 1155 2997 accidisset.
1200 2936 1315 3011 Scripsi
1333 2935 1431 2996 etiam
1444 2933 1587 3004 Linccro,

392 3034 447 3094 sed
471 3031 614 3093 nondum
639 3052 823 3110 responsum
846 3033 950 3109 hsbui,
978 3034 1135 3095 sitamen
1162 3053 1368 3112 responsurus
1395 3034 1452 3093 est.
1506 3031 1590 3093 Num

393 3131 459 3209 ipse
472 3133 546 3191 ante
558 3130 597 3190 sd
617 3150 669 3190 me
688 3132 869 3208 scripserat:
890 3133 982 3193 credo
1001 3136 1122 3209 pestem
1141 3133 1171 3194 ei
1188 3134 1352 3194 obstetisse
1364 3130 1536 3209 quominus
1549 3129 1588 3191 ad

392 3248 444 3290 me
456 3228 623 3307 scripserit.
667 3229 793 3290 Nouum
807 3234 855 3291 est
868 3230 998 3317 omnino
1011 3235 1042 3291 et
1055 3232 1242 3291 inusitatum
1252 3231 1335 3308 quod
1350 3231 1388 3290 de
1402 3228 1592 3290 Buslidiano

347 3336 379 3401 ⁶5
393 3327 494 3407 legato
506 3328 559 3388 vel
572 3326 646 3387 fidei
658 3328 826 3389 commisso
838 3328 957 3405 scribis,
972 3330 1026 3390 sed
1041 3329 1171 3390 omnino
1185 3329 1407 3406 plaudendum.
1446 3327 1591 3388 Fratrem

392 3425 499 3503 peucis
525 3425 731 3486 hebdomadis
756 3427 858 3502 amisi,
888 3429 1075 3506 scriptorum
1102 3432 1229 3489 tucrum
1257 3428 1443 3502 studiosum,
1474 3428 1592 3487 Graece

393 3524 489 3584 etiam
521 3524 658 3599 doctum,
687 3525 887 3601 sacerdotem,
918 3526 1171 3588 archidiaconum
1199 3526 1381 3588 'liecensem
1393 3547 1402 3599 ;
1436 3524 1476 3585 ob
1504 3524 1588 3603 quod

393 3641 518 3701 peregre
537 3622 642 3683 iturus
660 3621 737 3683 illuc
756 3643 835 3685 sum.

433 3723 476 3779 Τὰ
487 3724 542 3781 τῶν
555 3722 727 3801 γραμμάτων
736 3724 815 3799 ἡμων
829 3723 875 3781 καὶ
889 3727 943 3783 τῶν
955 3725 1058 3803 λόγων,
1072 3725 1091 3799 ἡ
1105 3722 1216 3799 σπουδὴ
1227 3724 1344 3798 φαύλως
1357 3725 1406 3782 νῦν
1416 3720 1591 3796 radim-pm

350 3840 382 3891 70
393 3822 425 3878 et
444 3838 539 3896 prope
560 3819 694 3879 dixerim
714 3820 863 3897 ζημωδιῖκ.
906 3820 984 3899 Legi
1004 3821 1110 3882 locum
1129 3819 1425 3881 commentariorum
1443 3817 1538 3878 Fabri
1556 3818 1590 3878 in

392 3915 540 3993 epistolas
565 3917 632 3977 diui
658 3916 760 3994 Pauli,
787 3922 823 3979 vt
850 3921 886 3980 tu
913 3939 965 3980 me
988 3919 1089 3980 fecere
1114 3920 1253 3994 uoluisti,
1278 3920 1333 3980 sed
1362 3916 1505 3978 nondum
1529 3915 1592 3994 legi

393 4012 582 4090 Apologiam
600 4017 697 4089 tuam,
714 4015 776 4077 nisi
793 4015 975 4078 vellicatim.
1017 4016 1088 4078 Scio
1107 4017 1189 4095 quod
1206 4018 1247 4078 sit
1265 4015 1432 4077 hominum
1445 4014 1484 4075 de
1499 4013 1590 4075 robis

427 4222 469 4268 ⁴3·
487 4204 592 4269 literas]
605 4207 653 4269 Ep.
669 4220 723 4267 7²3·
1017 4208 1048 4257 οἰ
1067 4208 1128 4258 Eeb.
1151 4209 1185 4257 he
1207 4208 1263 4258 had
1286 4209 1414 4258 returned
1441 4210 1471 4255 to
1501 4205 1592 4255 Maius

427 4288 468 4335 ⁴9
487 4271 640 4335 Huttenus]
657 4270 799 4334 Bccking’s
815 4272 970 4335 conjecture
1019 4274 1079 4337 (Ep.
1098 4274 1154 4336 πθ.
1167 4275 1248 4336 35⁶).

396 4338 468 4400 (HE.
492 4337 535 4399 rr)
557 4336 620 4386 that
642 4337 677 4386 he
695 4336 752 4385 hed
771 4338 839 4387 been
858 4341 920 4388 sent
941 4341 970 4387 to
1083 4310 1208 4403 transiit}
1236 4341 1278 4389 0n
1307 4340 1352 4389 his
1386 4354 1446 4401 way
1476 4339 1506 4385 to
1542 4339 1591 4389 the

395 4402 533 4467 negotiare
554 4418 591 4453 on
612 4402 707 4452 behall
726 4402 755 4452 of
774 4403 823 4451 the
849 4404 918 4466 Abp.
942 4404 973 4453 oi
1018 4404 1109 4465 Gourt,
1131 4404 1223 4453 which
1243 4420 1298 4455 was
1316 4420 1378 4455 now
1396 4408 1426 4453 at
1449 4402 1587 4454 Ambcisa.

396 4468 485 4519 llxinz
501 4467 544 4518 lor
560 4468 609 4518 the
627 4467 743 4518 election
762 4468 793 4517 oi
810 4469 921 4518 Francis
941 4471 970 4518 to
1051 4485 1090 4532 5¹·
1104 4469 1236 4534 Rursum]
1249 4472 1299 4520 See
1311 4472 1359 4532 Ep.
1370 4484 1427 4531 493.
1440 4481 1526 4531 μου.

395 4535 443 4584 the
460 4535 578 4598 Empire,
595 4536 620 4583 is
636 4534 720 4584 borne
735 4537 783 4583 out
802 4535 837 4597 by
853 4534 969 4584 Leirmc
1051 4550 1091 4596 53.
1105 4535 1247 4601 Deloinus]
1258 4536 1298 4586 Ol.
1310 4536 1358 4598 Ep.
1371 4536 1428 4595 ⁶89.
1440 4550 1497 4595 ⁴·t·

395 4602 470 4662 (Beli
485 4616 529 4650 soc.
546 4604 600 4650 usar.
613 4607 674 4659 prot
684 4603 776 4658 frenc,
789 4601 880 4660 xxxix,
896 4601 967 4663 1890,
1051 4616 1090 4662 59.
1109 4601 1263 4661 ‘l'amstatloi
1275 4601 1314 4650 cf.
1331 4602 1380 4663 Ep.
1391 4602 1449 4662 689.
1462 4601 1536 4652 ss-re.

395 4681 439 4729 pp.
451 4667 549 4727 181-9).
567 4665 624 4717 'l'he
632 4666 727 4728 Abpls
735 4665 970 4715 lettertoFrancis
1049 4669 1092 4715 co
1110 4666 1265 4730 epistolam]
1278 4667 1326 4728 Ep.
1337 4668 1393 4728 583,

396 4729 553 4793 (ibidlsnd
562 4731 968 4793 nucen’sorecentinrfflcok·
1049 4734 1091 4782 ⁶1.
1109 4732 1235 4797 Linacro]
1248 4733 1290 4781 On
1304 4746 1335 4781 ro
1345 4732 1428 4793 Ju1y;
1443 4732 1507 4783 BE‘
1520 4747 1560 4781 ro.

396 4798 454 4859 ing,
474 4801 573 4845 Ηωᾱωιι·
596 4801 651 4856 opp.
668 4813 693 4845 v.
711 4798 796 4859 sept)
819 4811 865 4847 ara
887 4796 969 4847 dated
1050 4799 1092 4860 ⁶5·
1110 4797 1245 4862 hatrem]
1256 4798 1336 4847 Louis
1347 4797 1425 4847 Bude
1435 4798 1594 4859 (1470-19

395 4876 473 4977 32²5
483 4862 560 4976 1⁸:33²
574 4862 764 4976 stilti
779 4876 897 4978 :irs
907 4862 970 4977 ‘rt
1019 4862 1333 4989 destrictius?
1346 4864 1593 4979 &stauisti

395 4992 650 5055 SteckelbergfflE.
666 4992 717 5055 70).
751 4993 793 5054 By
805 4943 967 5043 theymiddle
1018 4965 1276 5057 desdonof'rreyes.
1310 4964 1470 5056 stesss‘o,
1485 5008 1513 5043 n.
1529 5010 1550 5043 r.
