3867 6034
389 710 450 770 see
737 703 929 767 narrans
956 702 1011 764 or
1038 700 1239 765 nmsuus
1524 697 1619 783 [1519

389 866 558 946 patetieam
588 865 626 926 de
655 862 747 924 bonis
782 860 962 940 opinionem
991 878 1086 937 quam
1115 858 1262 934 Stoicam,
1293 878 1444 937 eamque
1475 859 1562 921 dicis
1588 859 1624 921 ad

348 987 380 1023 ιο
390 982 592 1026 communem
616 961 785 1022 hominum
809 978 937 1021 sensum
962 956 1079 1036 pariter
1100 976 1135 1017 ao
1159 955 1260 1019 vitam
1284 957 1397 1034 magis
1426 978 1624 1037 congruere:

390 1063 473 1142 quod
487 1062 710 1138 argumentum
745 1059 774 1120 si
808 1056 906 1119 vllius
940 1059 990 1117 est
1023 1055 1178 1116 momenti
1212 1055 1247 1115 in
1282 1055 1418 1117 ratione
1458 1056 1626 1119 beatitatis

390 1159 562 1234 asserenda
578 1157 671 1220 facile
690 1159 791 1218 sectas
810 1175 920 1216 omnes
940 1154 1048 1215 vincet
1068 1153 1229 1231 Epicurea,
1253 1173 1334 1231 quae
1356 1157 1434 1215 tam
1458 1156 1626 1235 popularis

390 1261 439 1320 est
449 1260 485 1318 vt
499 1257 640 1318 maxima
651 1256 696 1317 sit
707 1254 876 1316 hominum
890 1272 962 1330 pars
975 1272 1055 1330 quae
1068 1255 1158 1330 putet
1168 1272 1226 1313 nos
1238 1252 1278 1312 ad
1292 1272 1398 1313 vnam
1416 1254 1626 1333 voluptatem

392 1358 484 1418 natos
497 1374 573 1415 asae.
609 1352 710 1432 Atqui
721 1351 814 1413 video
828 1354 860 1412 te
873 1369 985 1429 parum
999 1349 1123 1410 moueri
1134 1349 1227 1409 turba
1239 1349 1437 1423 cerdonum,
1446 1356 1622 1426 sartorum,

351 1474 380 1525 ¹5
392 1452 626 1526 culinariorum,
641 1450 798 1511 laniorum
818 1448 1029 1527 opificumque
1049 1446 1248 1525 reliquorum,
1270 1448 1302 1507 et
1321 1447 1571 1511 testimonium
1588 1451 1625 1511 ab

392 1551 459 1612 illis
486 1548 767 1628 praestantissimis
794 1547 951 1626 roquirere
975 1544 1054 1607 viris
1077 1544 1133 1622 qui
1159 1564 1286 1606 summo
1310 1545 1457 1623 ingenio
1485 1548 1623 1626 praediti

344 1677 347 1682 ·
374 1669 579 1727 :summaque
599 1646 776 1708 eruditione
798 1666 862 1706 non
884 1648 1005 1706 temme
1027 1644 1089 1705 huc
1111 1646 1203 1721 atque
1225 1643 1305 1705 illuc
1327 1644 1502 1723 feruntur,
1521 1647 1558 1709 id
1578 1651 1623 1708 est

394 1767 577 1827 quocunque
602 1764 676 1825 opes
694 1745 934 1822 voluptatumne
955 1741 1146 1821 impellunt:
1165 1742 1220 1803 sed
1237 1762 1336 1821 supra
1355 1742 1533 1807 humanos
1553 1768 1622 1808 con·

394 1846 499 1908 stitutl
533 1864 630 1917 casus,
667 1843 766 1905 nullis
799 1842 905 1903 affecti
938 1840 1231 1920 perturbationibus
1263 1860 1315 1902 rea
1356 1842 1452 1920 ipsas
1497 1845 1620 1924 liquido

353 1966 384 2001 πο
394 1944 589 2025 perspiciunt
612 1944 644 2002 et
670 1942 711 2003 ad
731 1941 854 2016 viuum,
876 1939 958 2019 quod
982 1939 1083 2013 aiunt,
1105 1941 1253 1999 resecant.
1297 1938 1347 1999 Hi
1368 1961 1454 2003 vero
1477 1964 1618 2022 quonam

396 2042 490 2103 modo
503 2042 674 2119 disputent,
685 2059 800 2117 quaeso
813 2038 995 2100 videamus:
1015 2056 1205 2115 agamusque
1219 2056 1277 2097 nos
1291 2037 1402 2099 Stoico
1417 2061 1516 2103 more
1528 2043 1618 2121 paulo

396 2139 555 2201 subtilius.
597 2138 663 2198 Nec
682 2137 808 2199 mireris
829 2136 857 2196 si
877 2136 917 2196 ad
940 2135 1022 2196 hanc
1043 2135 1289 2213 disputationem
1310 2135 1457 2199 minime
1479 2143 1616 2202 attulem

396 2237 577 2316 popularem
600 2234 813 2314 eloquentiam
836 2233 994 2312 copiosam
1014 2232 1104 2294 illam
1125 2233 1290 2306 forensem,
1315 2254 1416 2313 quam
1439 2239 1546 2301 etiam
1567 2241 1616 2299 vir

396 2355 577 2414 assequerer
590 2335 642 2396 vel
657 2335 691 2394 in
706 2334 774 2411 ipsa
788 2332 950 2411 voluptate
970 2331 1054 2409 apud
1074 2331 1316 2393 multitudinem
1334 2337 1615 2398 commendanda:

355 2457 385 2507 ²5
399 2454 499 2512 neque
513 2434 600 2494 enim
614 2453 725 2494 sumus
739 2451 850 2493 omnes
864 2430 999 2504 Erasmi,
1011 2429 1067 2507 qui
1081 2429 1128 2489 ita
1141 2430 1179 2490 de
1189 2430 1316 2507 magnis
1331 2431 1467 2494 disserit
1482 2438 1523 2496 vt
1537 2434 1614 2495 nibil

398 2531 467 2591 fieri
494 2531 594 2609 possit
620 2529 816 2604 familiarius,
846 2528 892 2589 ita
919 2526 959 2588 de
985 2527 1093 2604 paruis
1119 2531 1156 2589 vt
1184 2526 1266 2587 nihil
1293 2529 1482 2605 sublimius,
1512 2534 1561 2593 ita
1579 2533 1614 2592 de

347 2662 350 2666 ·
376 2659 382 2668 ·
398 2629 538 2689 obscuris
551 2631 587 2688 vt
601 2628 682 2689 nihil
697 2625 877 2698 dilucidius,
894 2626 938 2687 ita
952 2626 992 2686 de
1005 2625 1169 2702 paradoxis
1182 2627 1219 2686 vt
1233 2625 1317 2686 nihil
1332 2629 1549 2704 probabilius

440 2726 501 2786 Sed
525 2725 563 2786 ad
590 2726 622 2785 id
647 2726 729 2802 quod
754 2724 966 2797 institueram,
989 2723 1018 2784 si
1038 2742 1121 2799 opes,
1142 2723 1169 2783 si
1191 2723 1306 2801 copiae,
1328 2724 1494 2802 valetudo,
1512 2729 1612 2800 robur,

399 2825 502 2885 forma
529 2822 649 2900 aliaque
675 2826 707 2882 et
730 2822 868 2899 corporis
890 2824 923 2882 et
946 2824 1076 2882 externa
1099 2840 1178 2898 quae
1202 2824 1238 2883 tu
1260 2841 1354 2883 vocas
1376 2823 1476 2902 bona,
1494 2827 1613 2905 aliquid

356 2947 388 2995 30
401 2921 555 2982 momenti
575 2920 614 2981 ad
635 2919 816 2980 felicitatem
838 2920 940 2997 ipsam
960 2920 1104 2993 afferunt
1120 2939 1182 2997 quo
1199 2920 1275 2980 haec
1294 2920 1417 2984 fuerint
1432 2925 1569 2998 maiora,
1580 2944 1614 2986 eo

401 3021 539 3100 prolecto
553 3019 737 3097 ampliorem
756 3019 1077 3097 praestantioremque
1096 3018 1325 3080 beatitudinem
1346 3020 1471 3083 faciant
1486 3044 1613 3085 necesse

400 3123 469 3181 est:
493 3120 539 3179 ita
562 3123 600 3179 vt
623 3118 717 3196 longe
741 3117 860 3178 bestim
883 3118 926 3179 sit
953 3117 1110 3178 formosus
1131 3122 1164 3176 et
1188 3117 1278 3178 diues
1301 3137 1441 3196 paupere
1465 3122 1611 3183 deformi.

402 3217 490 3294 Quod
505 3216 533 3277 si
548 3215 707 3277 addideris
718 3235 803 3293 opas,
812 3215 925 3294 copias,
937 3215 1081 3288 honores,
1094 3215 1276 3292 potentiam,
1287 3216 1470 3293 imperium,
1483 3221 1611 3291 amicos,

402 3316 532 3391 natales,
553 3316 656 3388 robur,
681 3314 879 3389 celeritatem,
903 3332 999 3390 quam
1022 3312 1077 3373 ille
1102 3314 1214 3374 multis
1241 3316 1426 3394 parasangis
1451 3318 1491 3377 in
1523 3338 1613 3379 cursu

357 3437 388 3488 35
402 3413 563 3475 felicitatis
587 3412 693 3472 virum
722 3411 841 3471 bonum
869 3412 1027 3490 relinquet
1050 3412 1103 3489 qui
1128 3411 1179 3472 his
1203 3413 1357 3473 caruerit!
1400 3414 1473 3489 Quo
1499 3416 1558 3478 fiet
1580 3418 1614 3475 vt

403 3511 525 3573 Socrati
539 3510 589 3570 illi
603 3509 729 3570 numini
743 3509 1002 3587 philosophorum
1016 3529 1089 3571 cnm
1103 3512 1169 3569 tota
1187 3509 1241 3570 illa
1255 3529 1312 3571 sua
1324 3510 1444 3573 virtute
1456 3514 1520 3575 vix
1533 3533 1615 3575 vnus

402 3610 441 3670 ad
477 3607 661 3669 felicitatem
695 3606 811 3684 gradus
837 3606 998 3667 confectus
1025 3607 1129 3667 fuerit.
1173 3607 1261 3683 Quod
1289 3612 1337 3669 est
1364 3629 1446 3686 pene
1477 3612 1614 3691 impium

403 3708 524 3781 dicere;
544 3725 618 3767 nam
636 3705 664 3766 si
680 3705 806 3783 singula
825 3703 954 3764 illorum
967 3704 1007 3764 ad
1021 3704 1203 3765 beatitatem
1220 3705 1339 3784 aliquid
1354 3708 1489 3784 faciunt,
1508 3712 1615 3772 omnia

403 3805 500 3867 simul
513 3804 589 3865 adeo
606 3804 743 3865 multum
760 3803 897 3880 proiecto
914 3802 1040 3876 facient,
1055 3806 1090 3863 vt
1106 3803 1270 3864 beatioris
1287 3805 1416 3866 futurus
1435 3807 1481 3868 sit
1502 3812 1560 3888 qui
1579 3831 1615 3871 ea

358 3930 392 3978 40
403 3904 515 3964 habeat
528 3922 622 3979 quam
637 3902 739 3962 bonus
752 3902 804 3960 vir
817 3900 883 3961 illis
898 3901 1043 3961 orbatus:
1065 3904 1160 3978 atque
1177 3902 1220 3962 ita
1234 3902 1391 3964 Neronem
1407 3905 1505 3967 facile
1519 3909 1614 3969 fuerit

404 4005 468 4062 tam
480 4020 609 4061 saeuum
619 4005 791 4078 tyrannum
803 4000 946 4078 Epicteto
959 4000 1064 4059 Stoico
1078 4019 1168 4061 seruo
1182 4000 1242 4062 diis
1255 4005 1287 4061 et
1301 4003 1494 4065 mortalibus
1504 4008 1616 4085 gratis·

404 4100 486 4161 simo
513 4096 683 4160 beatiorem
712 4098 822 4158 dicere.
875 4098 984 4169 Aufer,
1015 4098 1148 4173 obsecro,
1178 4119 1196 4160 a
1224 4100 1349 4161 Socrate
1376 4103 1615 4180 turpitudinem

405 4175 493 4257 illam
515 4197 660 4273 corporis,
683 4195 916 4274 ignobilitatem
937 4196 1069 4273 generis,
1092 4197 1216 4257 vxorias
1236 4198 1405 4274 molestias,
1428 4208 1613 4278 egestatem

404 4296 563 4373 inopiam;
592 4294 631 4354 da
654 4295 797 4367 formam,
823 4295 863 4355 da
883 4297 1052 4355 stemmata
1073 4294 1204 4372 generis,
1230 4295 1269 4354 da
1294 4295 1616 4375 obsequentissimam

360 4420 392 4469 45
405 4413 544 4466 uxorem,
560 4393 667 4453 confer
687 4412 761 4469 opes
778 4393 976 4470 honoresque
992 4393 1140 4455 eximios:
1162 4393 1236 4472 quid
1255 4394 1399 4471 amplius,
1422 4399 1502 4476 quid
1521 4402 1616 4463 excel·

405 4490 479 4565 sius,
501 4490 576 4570 quid
599 4490 817 4551 admirabilius
839 4490 1006 4552 habiturus
1027 4511 1062 4552 es
1086 4491 1120 4552 in
1142 4492 1201 4553 hoc
1223 4492 1349 4554 Socrate
1374 4514 1472 4572 quam
1499 4498 1535 4560 in
1560 4499 1615 4561 illo

406 4588 493 4649 fuit?

448 4686 530 4762 Quid
559 4689 594 4746 tu
621 4685 679 4760 ais,
699 4684 745 4746 mi
773 4684 986 4746 eruditissime
1014 4685 1169 4748 Erasme?
1211 4687 1292 4765 Opes
1318 4693 1396 4749 sunt
1424 4690 1519 4768 bona,
1543 4697 1617 4756 sunt

405 4783 608 4861 pulchritudo
626 4787 658 4844 et
677 4782 761 4844 vires
777 4783 878 4859 bona3
899 4804 955 4844 cur
971 4784 1070 4862 igitur
1088 4806 1182 4846 nemo
1199 4786 1248 4847 his
1263 4786 1299 4846 fit
1313 4807 1455 4864 vnquam
1474 4793 1617 4854 melior?

362 4910 395 4960 ⁵0
407 4881 521 4944 Cicero.
536 4882 570 4940 in
584 4901 646 4958 quo
661 4881 719 4941 luit
735 4884 823 4941 tanta
837 4883 1003 4943 verborum
1021 4882 1206 4944 Latinorum
1226 4884 1339 4961 peritia
1355 4891 1475 4963 quanta
1492 4889 1532 4951 in
1550 4891 1618 4970 ipsa

725 5009 759 5042 ao
784 4994 819 5043 ad
831 5000 886 5043 cdd.
900 5000 927 5043 F.
1077 5009 1118 5056 43.
1137 5001 1174 5044 F:
1192 5000 1354 5060 aegestatem
1368 5002 1397 5046 Ε.
