3867 6034
481 724 543 784 ιιι
828 724 1020 788 minsas
1046 723 1101 787 or
1128 723 1332 787 sensnm
1584 720 1689 805 [15¹8

481 880 610 960 quidem
632 884 665 941 et
688 880 822 941 feliciter
843 883 981 958 argutae,
1005 882 1060 942 sed
1084 900 1149 941 non
1169 879 1297 959 perinde
1320 900 1434 959 aequae
1457 881 1686 959 officiosaeque,

481 978 703 1057 respondeam.²
743 978 825 1039 Vide
837 997 913 1040 vero
927 997 1006 1038 num
1019 981 1052 1038 et
1068 977 1148 1039 illud
1167 977 1235 1039 ioco
1250 978 1373 1039 dictum
1391 979 1554 1041 videatiu:
1580 980 1687 1040 ‘lum

420 1076 578 1154 145igitur
604 1075 797 1153 praedicares
823 1078 854 1135 te
881 1074 1071 1154 Apologiam
1097 1074 1251 1149 meditari,
1279 1079 1312 1136 et
1339 1094 1396 1153 ego
1422 1075 1554 1137 fortasse
1581 1076 1690 1137 officio

479 1172 608 1234 iunctm
629 1193 741 1235 essem.
789 1175 837 1234 At
856 1175 892 1234 ιιι
913 1193 965 1234 me
989 1171 1214 1251 Epimetheum
1237 1173 1346 1248 fecisti,
1369 1177 1406 1234 ιι
1425 1194 1481 1252 per
1501 1176 1534 1235 te
1554 1174 1687 1251 quidem

479 1289 548 1330 rem
561 1270 597 1331 in
610 1290 735 1332 scenam
748 1270 981 1348 producendam
997 1289 1064 1331 non
1081 1275 1155 1332 ante
1174 1271 1338 1333 resciscere
1354 1273 1512 1350 potuerim
1532 1292 1631 1350 quam
1649 1277 1686 1335 tu

479 1366 644 1447 prologum
657 1368 692 1430 in
706 1369 907 1447 proscenium
920 1368 1057 1430 misisti’

523 1465 688 1528 Hactenus
713 1472 747 1527 tu
776 1487 851 1529 sane
875 1467 1033 1529 iestiuiter
1056 1469 1089 1528 et
1112 1466 1240 1528 erudite.
1292 1468 1383 1543 Quod
1410 1487 1529 1545 mones,
1552 1471 1690 1532 fortasse

421 1589 469 1641 150
479 1561 621 1626 facturus
638 1585 733 1639 eram,
754 1566 783 1626 si
804 1569 875 1626 tum
898 1566 1046 1626 Budaeus
1066 1565 1105 1625 ed
1124 1584 1257 1625 manum
1277 1565 1398 1627 fuisset
1440 1566 1585 1629 Vulnere
1604 1588 1685 1647 quae

481 1663 562 1724 mihi
577 1663 677 1724 Faber
696 1664 862 1740 inflixerat,
885 1684 954 1725 sero
978 1665 1082 1724 sensi:
1103 1682 1161 1723 nec
1179 1663 1312 1723 Louanii
1332 1666 1500 1742 quisquam
1519 1667 1631 1727 aderat
1651 1665 1685 1726 id

479 1762 631 1841 temporis
650 1762 763 1837 (nouus
789 1763 876 1822 enim
900 1761 1013 1839 hospes
1037 1781 1074 1822 eo
1100 1762 1260 1837 veneram)
1279 1762 1369 1823 errius
1389 1764 1521 1825 consilio
1541 1765 1686 1826 multum

480 1859 532 1920 vel
553 1857 725 1920 tribuerem
746 1859 798 1920 vel
821 1859 959 1921 fiderem.
1004 1860 1047 1919 Et
1071 1858 1154 1937 quod
1177 1861 1214 1918 ιιι
1242 1859 1372 1920 fortaase
1399 1862 1580 1923 moniturus
1603 1881 1683 1936 eras,

480 1960 516 2018 ιι
537 1956 739 2031 moderatius,
765 1960 802 2017 vt
824 1957 946 2034 parcius
971 1956 1201 2034 responderem,
1227 1954 1261 2015 id
1285 1956 1352 2033 ipse
1372 1977 1424 2018 me
1447 1959 1587 2019 maxime
1612 1964 1683 2021 tum

422 2074 468 2126 ιιι
479 2054 696 2115 admonebam.
741 2054 849 2132 Neque
866 2056 952 2115 enim
970 2057 1037 2115 tam
1055 2052 1222 2131 impotenti
1236 2072 1308 2114 sum
1327 2054 1454 2133 ingenio
1470 2075 1566 2134 qnam
1579 2061 1617 2118 tn
1631 2077 1685 2119 me

479 2152 577 2226 iacis3
599 2172 701 2231 nsque
714 2153 746 2212 id
761 2154 911 2230 temporis
924 2157 992 2212 tam
1005 2151 1113 2212 animo
1127 2153 1304 2212 nomenatus
1317 2172 1403 2214 eram
1418 2173 1512 2231 quam
1526 2158 1563 2217 tu
1575 2155 1685 2234 imagi·

478 2249 573 2312 naris
606 2249 1027 2328 MoerenseamApologiam
1038 2249 1159 2327 scripsi,
1169 2269 1234 2309 non
1244 2248 1406 2312 iratusam
1414 2251 1682 2328 indignabundus

478 2349 518 2410 Id
532 2348 634 2409 nolim
652 2349 733 2409 mihi
752 2351 865 2423 credas,
881 2348 910 2409 si
930 2349 1097 2426 quisquam
1115 2347 1299 2408 mortalium
1312 2349 1436 2410 audiuit
1449 2350 1628 2426 Erasmum,
1644 2370 1684 2411 eo

477 2450 620 2524 tempore
630 2466 694 2523 quo
702 2446 820 2508 vulnus
829 2445 931 2506 adhuc
943 2464 1049 2506 recens
1058 2448 1149 2521 esset,
1159 2444 1212 2505 vel
1222 2446 1305 2505 inter
1313 2447 1425 2523 pocula
1435 2467 1508 2507 cnm
1518 2448 1685 2511 stomacho

420 2543 656 2622 ineloquentem
669 2544 708 2605 de
722 2543 834 2606 Febr-o.
874 2543 957 2605 Mihi
971 2542 1068 2621 igitur
1083 2546 1154 2603 tum
1170 2562 1266 2604 sanus
1286 2543 1434 2605 videbor:
1455 2545 1540 2606 idern
1553 2547 1685 2608 videtur

477 2640 663 2719 quibusdam
685 2641 741 2718 qui
760 2641 861 2702 Febr-o
881 2640 1114 2719 impensissime
1131 2639 1240 2701 fauent
1259 2659 1357 2719 eoque
1374 2647 1572 2721 praeceptore
1590 2644 1682 2723 glori·

475 2740 576 2799 antrrr.
620 2738 761 2815 Quorum
784 2737 900 2799 iudicio
924 2737 1105 2815 plusculum
1125 2737 1261 2798 arbitror
1283 2738 1341 2799 hac
1362 2740 1516 2801 duntaxat
1535 2742 1571 2802 in
1592 2745 1682 2819 parte

384 2825 387 2834 ’
476 2835 679 2897 tribuendum
707 2854 803 2913 quam
831 2839 887 2898 tuo
914 2839 971 2896 aut
998 2839 1135 2910 tuorum,
1160 2855 1296 2913 quorum
1323 2837 1403 2898 alias
1429 2838 1545 2899 iudicio
1573 2839 1682 2901 tribuo

475 2933 659 3014 plurimum.
714 2933 865 2995 Gauillari
893 2938 1037 3011 poteram
1064 2933 1174 2994 Gallos
1196 2934 1302 2995 fauere
1329 2934 1420 2996 Gallo
1447 2956 1483 2997 ac
1510 2936 1684 2998 mieotione

418 3032 616 3106 rtrindicum
636 3034 692 3093 vti.
735 3033 783 3093 Tu
803 3032 911 3110 procul
932 3032 1048 3104 aberas,
1065 3036 1101 3093 ιι
1121 3032 1194 3107 diri,
1214 3036 1247 3093 et
1268 3051 1317 3093 res
1337 3052 1485 3110 praesens
1503 3035 1680 3096 remedium

476 3131 662 3208 postulabat.
722 3130 956 3193 Consuluissem
991 3129 1138 3190 videlicet
1165 3133 1206 3201 te,
1236 3133 1271 3190 tu
1302 3150 1505 3193 conuocaases
1530 3137 1680 3194 cenatum

476 3229 657 3305 amicorum,
680 3234 711 3290 et
731 3232 803 3309 post
822 3249 942 3290 annum
964 3228 1095 3289 redisset
1115 3228 1154 3289 ad
1176 3247 1234 3289 nos
1253 3232 1394 3290 vestrum
1419 3230 1587 3292 oraculum.
1632 3233 1680 3293 Αι

477 3345 533 3387 cnr
553 3327 659 3406 potius
684 3330 719 3388 tu
742 3328 824 3388 mihi
849 3326 1061 3387 consulendus
1085 3345 1153 3386 eras
1176 3345 1272 3402 quam
1296 3327 1389 3387 amici
1411 3328 1552 3390 caeteri?
1577 3349 1621 3391 an
1642 3333 1678 3390 tu

476 3424 564 3486 solus
577 3425 653 3503 quid
667 3426 794 3486 decebat
807 3424 1040 3503 perspiciebas?
1060 3444 1102 3485 an
1115 3425 1244 3484 caeteris
1256 3442 1320 3484 non
1334 3426 1532 3487 suntoculi?
1552 3430 1589 3487 ιι
1598 3426 1680 3488 mibi

418 3544 466 3596 170
477 3522 512 3582 in
526 3542 597 3583 mea
607 3542 699 3584 causa
713 3522 865 3584 iudicium
878 3522 1008 3584 adimas.

519 3621 590 3681 Iam
610 3620 639 3681 si
659 3621 836 3698 complures
859 3620 977 3680 amicos
1002 3619 1239 3694 consuluissem,
1265 3619 1409 3681 fortassis
1435 3640 1546 3681 omnes
1574 3623 1679 3684 mode

477 3719 592 3780 rendae
605 3720 778 3798 Apologiae
794 3719 931 3780 fuissent
949 3722 1081 3779 autores
1126 3717 1323 3796 Recepissem
1339 3738 1389 3779 me
1403 3720 1571 3780 factunrrn.
1616 3719 1678 3781 Hic

477 3835 604 3877 rursum
631 3817 715 3896 quod
742 3816 823 3877 mihi
850 3815 1138 3878 moderatissimum
1164 3815 1269 3876 visum
1297 3816 1416 3892 fuisset,
1443 3817 1518 3877 huic
1547 3820 1603 3878 aut
1629 3817 1678 3877 illi

476 3934 589 3993 parum
616 3916 812 3977 moderatum
839 3916 945 3976 visum
973 3914 1101 3975 fuisset:
1132 3913 1194 3973 nisi
1224 3913 1305 3974 forte
1332 3914 1462 3975 volebas
1487 3914 1678 3993 Apologiam

419 4036 464 4090 ¹75
476 4011 661 4088 absolutam,
677 4016 709 4073 ct
728 4031 822 4089 opera
842 4013 1038 4073 notariorum
1059 4010 1094 4070 in
1114 4010 1234 4089 aliquot
1253 4011 1445 4090 exemplaria
1465 4016 1677 4091 propagatam,

476 4109 512 4172 in
526 4111 735 4185 Germaniam,
752 4110 949 4189 Hispaniam,
965 4109 1165 4170 Britanniam
1179 4112 1211 4168 et
1229 4110 1366 4172 Galliam
1383 4110 1479 4185 mitti,
1493 4110 1677 4190 priusquam

477 4209 680 4269 excuderetur
699 4207 852 4269 formulis.
906 4207 1038 4268 Vtinam
1058 4206 1091 4267 id
1115 4206 1222 4269 haeret
1247 4209 1282 4267 in
1307 4208 1454 4269 omnibus
1481 4206 1572 4269 libris
1598 4229 1680 4287 quos

476 4306 619 4368 cedimus
632 4308 667 4367 in
680 4308 812 4384 vulgus!
846 4306 947 4383 Atqui
960 4309 997 4366 ιι
1010 4304 1099 4365 nulla
1108 4307 1255 4380 sumptus
1268 4305 1422 4367 habeatur
1436 4307 1523 4380 ratio,
1536 4308 1678 4384 primum

477 4406 603 4469 difficile
614 4410 663 4467 est
676 4424 744 4465 esse
754 4404 952 4483 ingeniosum
962 4403 1099 4479 inopere
1108 4401 1213 4462 alieno
1227 4425 1236 4477 3
1256 4403 1370 4464 deinde
1380 4404 1434 4463 vix
1445 4423 1546 4465 vnum
1556 4406 1679 4483 reperio

418 4518 465 4568 180
475 4506 528 4567 oui
540 4507 629 4567 vacet
642 4502 754 4564 alienis
764 4501 1037 4564 lucubrationibus
1046 4501 1223 4562 attendere:
1244 4501 1400 4580 siquidem
1410 4521 1446 4562 ea
1456 4522 1507 4563 res
1517 4506 1679 4565 attentum

475 4604 614 4684 requirit
658 4602 794 4662 Facilius
812 4600 947 4679 reperias
966 4600 1022 4679 qui
1041 4600 1147 4660 aedita
1167 4603 1354 4676 cognoscant
1373 4602 1408 4660 vt
1424 4604 1563 4678 carpant,
1582 4621 1677 4678 quam

476 4705 533 4783 qui
546 4702 685 4764 cedenda
706 4704 928 4778 recognoscant
940 4702 977 4759 vt
992 4698 1169 4759 emendent.
1212 4697 1383 4775 Postremo,
1399 4718 1473 4760 cum
1486 4700 1538 4759 hic
1553 4720 1678 4778 quoque

475 4800 651 4863 variassent
666 4797 839 4865 amicorum
855 4797 1012 4875 suffragia,
1028 4815 1134 4857 nonne
1156 4796 1379 4859 moderationis
1397 4818 1496 4859 canon
1514 4798 1553 4858 ed
1572 4817 1676 4859 meam

476 4900 730 4960 aestimationem
743 4896 984 4957 reuolueretur?
1016 4895 1060 4955 Vt
1071 4894 1242 4972 reperiatur
1256 4894 1369 4972 aliquis
1382 4899 1449 4956 tarn
1463 4896 1593 4972 ociosus,
1607 4897 1678 4974 quis

511 5044 566 5091 14⁴·
584 5028 665 5093 Tum]
682 5027 724 5079 (tf.
737 5027 784 5093 Ep
796 5027 853 5078 διο.
866 5027 958 5089 38-4ι.
1136 5037 1192 5086 175.
1208 5024 1387 5090 notariorum]
1400 5025 1439 5077 cf.
1452 5026 1500 5088 Ep.
1515 5028 1573 5087 7⁶⁶.
1584 5043 1615 5086 41
1627 5042 1654 5077 n.
