3867 6034
490 705 551 766 aas
838 707 1027 770 accusas
1054 706 1107 767 os
1135 706 1336 768 nnnsuus
1610 704 1708 791 [1519

489 862 537 910 the
548 876 608 924 way
619 864 689 914 hom
700 862 778 913 Basle
790 863 881 912 would
893 865 941 912 not
952 877 982 912 so
991 861 1130 924 naturally
1140 861 1171 909 be
1183 859 1322 909 described
1334 874 1363 909 as
1377 859 1483 910 ‘adhuc
1495 863 1664 925 spirantem
1676 864 1708 912 ab

489 926 593 977 officina
601 931 617 977 ’.
651 929 707 978 The
718 929 779 979 date
791 930 815 978 is
826 929 891 978 thus
902 927 1041 977 indicated
1052 925 1172 989 closely.]

590 1072 663 1123 Das.
687 1071 841 1122 EBASMVS
865 1070 1001 1118 DOMINO
1023 1068 1179 1117 MABTINO
1201 1068 1320 1115 LYPSIO
1345 1067 1604 1118 BRVXELLENSI.

530 1194 642 1269 Saura,
658 1191 837 1254 charissime
852 1190 994 1251 Martius.
1038 1189 1106 1264 Quo
1121 1190 1228 1249 minus
1241 1189 1404 1251 inuiserim
1418 1191 1457 1264 te,
1472 1192 1706 1269 occupationes

488 1289 522 1349 in
536 1310 629 1352 causa
641 1292 776 1352 fuerunt
820 1290 986 1351 Caeterum
1004 1307 1044 1348 ne
1058 1287 1166 1348 videar
1183 1288 1351 1349 immemor
1363 1287 1417 1362 tui,
1434 1288 1531 1349 mitto
1547 1289 1704 1353 libellum

488 1388 590 1452 adhuc
603 1389 773 1467 spirantem
786 1388 826 1449 ab
840 1386 970 1449 officina
1016 1386 1102 1447 Bene
1115 1384 1192 1447 vals.

782 1567 899 1632 ⁹²¹922.
944 1566 1043 1629 Facu
1068 1565 1209 1629 Manum
1232 1564 1389 1629 ersrus.

522 1695 649 1753 Brussels
661 1694 720 1752 MS.
732 1698 848 1767 4850-7,
859 1695 880 1750 l.
896 1708 946 1762 147
959 1700 991 1747 v0
1004 1692 1053 1763 (a).
1445 1692 1593 1749 Louvain.

522 1782 665 1839 Horawitz
677 1782 735 1838 MS.
748 1802 776 1854 p.
790 1798 833 1853 37.
1385 1776 1663 1855 (c.tdarch>1519.

521 1869 661 1926 Horawits
674 1889 698 1927 v.
712 1886 728 1925 2
741 1869 794 1941 (β).

521 1981 590 2043 [The
605 1981 748 2031 difference
763 1984 885 2031 between
900 1982 948 2031 the
963 1982 1036 2029 texts
1052 1978 1081 2027 of
1096 1995 1112 2026 a
1127 1976 1182 2026 and
1196 1980 1214 2031 β
1233 1979 1258 2027 is
1275 1978 1467 2028 considerable.
1502 1980 1564 2029 One
1577 1983 1695 2046 perhaps

489 2049 641 2109 represents
655 2062 690 2096 an
708 2048 805 2096 earlier
819 2047 900 2108 draft,
914 2048 961 2096 the
977 2046 1057 2094 other
1073 2044 1120 2092 the
1137 2043 1219 2092 letter
1234 2044 1355 2105 actually
1371 2047 1440 2094 sent.
1474 2044 1517 2093 On
1535 2046 1588 2096 the
1604 2049 1695 2097 whole

490 2113 504 2160 1
516 2113 584 2162 have
595 2113 676 2174 given
688 2113 733 2161 the
744 2115 898 2175 preference
909 2115 938 2160 co
949 2113 968 2165 β
980 2112 1009 2159 iu
1019 2112 1076 2158 text
1084 2109 1139 2157 and
1148 2109 1234 2173 order,
1245 2110 1294 2158 but
1303 2110 1372 2158 have
1380 2109 1504 2158 followed
1514 2111 1565 2160 the
1575 2113 1694 2176 spelling

489 2179 519 2227 ol
527 2196 551 2227 a.
586 2177 601 2225 1
612 2178 681 2226 have
692 2178 749 2227 also
760 2178 837 2227 made
848 2177 967 2227 without
978 2177 1102 2225 mentlon
1114 2189 1131 2224 a
1141 2175 1194 2223 lew
1204 2189 1346 2236 necessary
1354 2177 1518 2224 corrections
1529 2177 1562 2225 in
1574 2178 1626 2226 the
1634 2183 1693 2228 text

490 2244 519 2292 cf
532 2245 558 2296 β.
591 2244 630 2291 Aa
646 2244 694 2306 Ep
709 2258 756 2304 921
776 2245 825 2293 has
842 2244 879 2291 its
894 2243 1046 2305 argument,
1060 2240 1168 2302 Lipsius
1185 2240 1250 2301 only
1260 2241 1373 2302 prefixes
1389 2241 1493 2290 hersin
1502 2258 1534 2289 c:
1549 2243 1692 2305 ‘Epistola

489 2308 603 2359 Martini
613 2309 799 2359 Bmxellensia
809 2309 842 2359 D.
855 2309 969 2357 Erasmo
979 2305 1197 2369 respondentia’]

503 2439 635 2488 INSIGNI
657 2439 788 2489 SACRAE
809 2438 1029 2488 THEOLOGIAE
1049 2433 1254 2485 PROFESSORI
1277 2434 1350 2483 Dus,
1368 2435 1504 2484 EBASMO
1526 2435 1681 2488 Romo-

647 2542 744 2591 Dauo
765 2542 942 2590 MABTINVS
965 2540 1102 2589 LYPSIVS
1124 2537 1378 2586 BRVXELLENSIS
1400 2538 1427 2586 S.
1443 2539 1472 2586 P.
1489 2539 1522 2586 D.

527 2646 644 2708 Famula
664 2650 850 2710 crediderim
868 2653 900 2710 te
920 2649 1157 2726 occupationum
1176 2646 1382 2707 multitudine
1398 2648 1625 2725 praepeditum,
1643 2649 1687 2714 rui

486 2743 623 2819 Erasme‚
635 2766 675 2807 ne
688 2749 720 2807 et
733 2766 785 2807 me
798 2747 943 2807 inutilem
956 2747 1131 2807 amiculum
1144 2745 1303 2806 inuiseres.
1336 2744 1397 2805 Sed
1411 2745 1559 2823 quianon
1574 2746 1687 2807 saltem

485 2841 641 2918 patienter
659 2843 783 2904 Erasini
800 2846 883 2905 ferat
899 2843 1083 2917 absentiam,
1100 2842 1195 2903 etiam
1214 2842 1431 2917 amicissimus,
1448 2842 1477 2902 si
1496 2862 1560 2903 non
1576 2844 1687 2922 iniqua

486 2940 601 3001 mentis
621 2941 740 3002 amussi
764 2942 887 3003 librarit
910 2961 1005 3021 quam
1028 2941 1185 3019 frugifera,
1211 2960 1306 3017 quam
1331 2941 1441 3001 decora
1464 2943 1503 3016 et,
1527 2944 1564 3002 vt
1588 2943 1686 3004 semel

458 3063 472 3113 5
488 3037 597 3115 dium,
615 3060 710 3118 quam
723 3041 903 3103 Christiana
916 3041 981 3101 sint
996 3040 1051 3100 illa
1064 3043 1118 3100 tua
1131 3040 1263 3116 negocia,
1277 3058 1355 3115 quae
1369 3042 1399 3098 te
1414 3059 1433 3098 a
1451 3057 1484 3098 se
1501 3038 1686 3100 diuellunt‘?

486 3136 565 3198 Mihi
589 3142 670 3199 certe
693 3159 757 3200 non
782 3140 876 3200 modo
900 3158 1084 3216 persuasum
1108 3138 1163 3198 sed
1187 3138 1282 3196 etiam
1307 3137 1460 3197 creditum
1484 3139 1541 3210 est,
1563 3139 1597 3197 tc
1622 3157 1685 3198 non

486 3237 611 3297 tantum
643 3240 699 3298 tua
728 3238 936 3298 verumetiam
969 3238 1104 3314 teipsum
1136 3235 1316 3312 impendere
1343 3234 1475 3295 vtilitati
1508 3235 1686 3296 Catholicae

487 3332 649 3395 Ecclesiae.
693 3336 857 3397 Caeterum
871 3338 955 3415 quod
969 3334 1100 3412 plurimi
1113 3353 1177 3395 nou
1192 3332 1295 3394 solum
1310 3332 1341 3392 id
1357 3353 1421 3392 non
1435 3332 1615 3410 attendunt,
1631 3335 1684 3393 sed

486 3430 614 3509 insuper
632 3434 671 3493 de
694 3434 841 3496 omnibus
863 3435 941 3494 bene
963 3433 1075 3494 mereri
1096 3432 1275 3492 studentem
1298 3431 1367 3491 odio
1387 3435 1626 3509 prosequuntur,
1649 3437 1684 3493 vt

442 3551 473 3588 ro
486 3531 663 3592 caecitatem
677 3530 795 3608 sileam,
810 3533 894 3593 istud
909 3552 1018 3593 causae
1031 3533 1087 3605 est,
1104 3530 1187 3608 quod
1202 3529 1363 3589 hominem
1376 3532 1499 3607 poetam
1514 3529 1682 3590 rhetorem·

485 3647 545 3706 que
559 3628 606 3704 (vt
619 3629 747 3705 dicunt),
759 3632 792 3690 at
802 3631 985 3708 theologum
998 3628 1202 3707 perexiguum
1216 3627 1275 3688 hoc
1288 3627 1444 3688 scribendi
1457 3632 1684 3704 argumentum

485 3725 652 3803 arripuisse
664 3728 866 3805 conspiciunt.
911 3728 972 3789 Sed
991 3727 1074 3787 absit
1089 3730 1125 3787 vt
1144 3725 1255 3786 honam
1275 3725 1454 3803 opinionem
1468 3729 1619 3802 sequatur
1632 3747 1684 3788 cor

484 3842 598 3884 meum

525 3920 596 3983 Iam
620 3922 702 4000 quod
727 3922 880 3999 libellum,
907 3924 972 3983 imo
996 3924 1114 3984 librum
1139 3923 1178 3982 ad
1203 3942 1254 3982 me
1279 3922 1403 3995 misisti,
1428 3922 1522 3998 idque
1547 3922 1586 3982 ob
1611 3943 1682 3983 eam

442 4036 471 4088 15
485 4037 607 4079 causam
628 4039 668 4080 ne
689 4020 752 4080 mei
772 4020 940 4081 immemor
959 4020 1103 4094 videaris,
1126 4020 1225 4080 fateor
1244 4019 1363 4078 erubui.
1407 4019 1467 4079 Sed
1488 4024 1563 4079 esto.
1611 4020 1682 4082 Non

484 4120 597 4191 tamen,
613 4118 659 4177 mi
679 4118 816 4190 Erasme‚
833 4118 1007 4195 periculum
1026 4122 1075 4178 est
1095 4137 1146 4178 me
1165 4118 1212 4177 tui
1231 4117 1296 4178 fore
1315 4117 1541 4191 immemorem,
1558 4120 1615 4196 qui
1635 4122 1682 4180 tot

484 4215 666 4275 nominibus
680 4235 715 4276 ac
727 4217 903 4277 numerosis
913 4216 1040 4277 calculis
1051 4215 1241 4293 praeuenisti
1251 4218 1282 4275 et
1293 4214 1477 4275 subsecutus
1491 4235 1525 4275 es
1535 4215 1681 4277 friuolam

484 4316 624 4375 nostram
637 4314 820 4377 amiciciam.
858 4314 937 4374 Mihi
952 4334 1033 4393 ergo,
1046 4313 1127 4373 mihi
1141 4313 1249 4373 haecce
1262 4313 1359 4374 verba
1372 4316 1559 4389 congruunt,
1574 4335 1680 4375 meum

485 4412 566 4473 istuc
589 4415 637 4473 est
660 4411 842 4490 suppliciter
863 4413 919 4473 abs
943 4416 976 4473 te
999 4412 1147 4489 flagitare,
1172 4411 1225 4488 qui
1253 4410 1334 4470 nihil
1358 4411 1515 4470 amiciciae
1540 4432 1679 4489 prosum,

439 4526 472 4563 ιο
487 4509 710 4571 necessitudini
731 4513 836 4589 presto
860 4511 950 4571 nihil
994 4510 1055 4571 Sed
1077 4513 1108 4569 et
1128 4509 1187 4569 hoc
1208 4509 1271 4569 tuis
1292 4509 1411 4569 accedit
1431 4509 1584 4585 laudibus,
1608 4515 1679 4571 tuae

515 4665 711 4714 921.·nr.add
724 4666 752 4718 β.
827 4665 949 4714 922.nr.
967 4668 1001 4719 βε
1019 4677 1523 4714 n.saasrromsrcurmaonoaos.r.o.
1600 4679 1622 4715 1.
1641 4666 1678 4714 mi

484 4729 700 4784 Erasmeodd.fl.
776 4730 974 4791 afflictata.
1050 4731 1252 4791 6.d:certec.
1320 4731 1531 4783 etiamti:eta.
1611 4734 1678 4790 ‘ale

483 4795 574 4856 ipsum
585 4797 618 4849 βε
636 4799 663 4845 et
674 4797 791 4859 teipsum
802 4812 826 4846 a.
941 4810 967 4859 9.
986 4797 1097 4857 insuper
1109 4832 1116 4845 .
1128 4831 1134 4845 .
1147 4832 1154 4846 .
1167 4799 1369 4858 prosequuntur
1380 4797 1415 4849 βε
1432 4798 1619 4857 contemnunt,
1633 4796 1678 4844 sed

484 4861 589 4924 odiunt,
602 4862 648 4910 sed
659 4861 844 4910 naucifaciuut
855 4878 878 4912 a.
962 4877 1000 4912 ra.
1019 4861 1072 4910 Sed
1086 4899 1092 4912 .
1106 4896 1131 4912 ..
1148 4874 1185 4921 ¹8·
1199 4875 1291 4909 meum
1302 4863 1337 4914 βε
1354 4861 1389 4909 In
1402 4860 1498 4909 horum
1511 4862 1603 4923 itaque
1617 4876 1677 4910 con·

482 4926 572 4975 silium
584 4942 639 4977 non
651 4927 735 4977 intret
746 4928 838 4975 anima
849 4941 908 4976 mea
919 4946 943 4977 a.
1014 4941 1051 4987 14.
1069 4926 1151 4988 idque
1160 4927 1192 4975 ob
1201 4928 1287 4981 camd
1298 4944 1304 4974 ε
1321 4940 1434 4986 eamque
1444 4927 1476 4974 ob
1485 4944 1508 4976 a.
1578 4930 1615 4975 16.
1635 4942 1678 4975 me

481 4992 523 5039 tui
534 4991 636 5046 lcrefl:
652 5007 687 5041 ne
698 4993 896 5055 meiteputsm
907 5011 931 5042 a.
1034 5007 1070 5054 19.
1088 4993 1180 5045 absB:
1198 5006 1250 5041 aa.
1315 4993 1348 5045 βε
1368 4992 1544 5056 efflagitarem
