3867 6034
403 708 465 774 572
751 704 940 768 numne
969 704 1023 767 OF
1050 700 1253 765 tenemus
1545 697 1633 783 [¹5¹⁹

402 862 549 924 ciendum
558 861 716 923 omnibus
747 859 808 920 Feo
816 859 944 922 interim
953 858 1062 921 edesse
1070 857 1131 919 tibi
1139 856 1490 936 montemviroprobo
1500 856 1634 937 dignum,

403 979 482 1037 quse
502 960 642 1037 primum
661 960 747 1020 umet
766 957 894 1036 optimu
917 957 1032 1018 deinde
1051 976 1130 1035 quse
1152 956 1259 1033 oupiet
1283 954 1328 1017 de
1350 955 1527 1017 omnibus
1548 974 1635 1033 quun

348 1058 524 1135 1150ptime
546 1057 678 1119 mereri:
709 1056 817 1117 edesse
841 1056 936 1117 deum
957 1054 1108 1135 aliquem,
1130 1053 1183 1133 qui
1202 1052 1314 1115 iubent
1335 1056 1377 1115 vt
1401 1056 1526 1116 utrum
1551 1053 1635 1115 mulis

403 1155 518 1233 eligam
547 1175 622 1217 num
643 1155 793 1216 eontinuo
813 1153 960 1213 futurum
983 1155 1016 1213 te
1036 1153 1121 1231 quod
1143 1151 1306 1230 delegeris.
1352 1150 1425 1213 Dio
1449 1152 1542 1213 mihi
1562 1152 1635 1213 born

403 1251 473 1327 fide,
489 1254 575 1314 huno
587 1272 629 1313 sn
642 1251 736 1313 illum
749 1250 873 1329 eliges?
904 1251 948 1312 Et
960 1250 1088 1313 videtur
1099 1250 1268 1329 indignum
1281 1248 1366 1311 boni
1382 1251 1542 1327 nomine,
1559 1249 1634 1329 quod

402 1351 454 1411 vir
471 1351 573 1412 bonus
591 1350 697 1429 potius
715 1367 783 1411 esse
802 1348 951 1410 duxerit?
993 1348 1053 1410 Sed
1067 1347 1202 1428 rrgebie,
1220 1346 1271 1409 ‘si
1293 1346 1388 1409 bens
1412 1353 1509 1426 sunt,
1532 1368 1590 1409 eur
1604 1366 1634 1408 ee

402 1448 549 1511 iubemur
569 1449 811 1510 contemnerei'
845 1447 1030 1509 contemnit
1051 1447 1107 1528 qui
1129 1447 1206 1508 haee
1229 1465 1306 1523 prse
1328 1446 1469 1509 virtuts
1493 1447 1632 1527 negligit,

348 1565 395 1601 120
402 1546 577 1607 eontemnit
596 1546 652 1625 qui
672 1565 737 1606 non
759 1544 811 1606 his
831 1544 911 1621 fidit,
934 1546 1110 1608 oontemnit
1128 1545 1184 1624 qui
1202 1543 1264 1605 sibi
1284 1564 1356 1606 non
1382 1546 1552 1623 possidet,
1571 1564 1632 1606 oon

402 1644 521 1705 temnit
542 1645 597 1722 qui
626 1643 761 1721 benigne
788 1645 906 1720 eroget,
932 1643 1109 1705 contemnit
1132 1643 1189 1720 qui
1215 1660 1281 1703 non
1309 1642 1484 1722 niliigitnr
1513 1643 1630 1713 ablotis

401 1743 430 1802 si
451 1741 574 1821 quondo
595 1742 722 1803 fortune
741 1740 827 1819 quod
850 1760 945 1803 sunm
973 1744 1022 1803 est
1043 1741 1166 1820 repetit.
1209 1739 1299 1802 Felix
1323 1746 1483 1826 non,est
1505 1742 1565 1821 qui
1585 1740 1631 1801 his

401 1844 528 1903 tentum
548 1840 610 1901 sibi
629 1839 704 1900 felix
723 1840 855 1901 videtur.
899 1838 990 1901 Felix
1009 1858 1075 1901 non
1095 1840 1216 1918 estqui
1234 1838 1286 1900 his
1300 1839 1444 1902 orbatus
1465 1841 1553 1903 felix
1570 1858 1629 1902 sete

402 1937 530 1999 desinit.

347 2056 393 2106 125
442 2036 538 2096 Ἀλλὰ
548 2037 725 2113 φιλοσοφίας
735 2036 832 2114 ὥσπερ
842 2034 923 2113 δρυὸς
932 2037 1006 2100 ἅλις.
1044 2034 1133 2112 Quod
1146 2038 1203 2097 tus
1214 2033 1376 2096 oebitudo
1390 2055 1465 2098 non
1480 2040 1627 2116 gruunt&

403 2135 454 2197 vel
467 2154 486 2196 s
499 2133 592 2195 nobis
604 2134 778 2208 admoneri,
791 2152 857 2195 non
870 2152 1001 2211 possum
1014 2152 1079 2195 non
1093 2134 1224 2211 prebere
1237 2133 1439 2195 modestiam
1452 2137 1564 2197 enimi
1575 2135 1624 2208 tui,

403 2253 498 2312 quum
512 2253 554 2295 ne
566 2236 676 2295 tentus
689 2233 817 2310 quidem
834 2233 981 2295 fortunae
997 2233 1147 2312 splendor
1159 2232 1263 2312 potuit
1275 2232 1415 2296 videret
1440 2253 1623 2314 quenquam

402 2331 525 2393 snobis
538 2331 594 2392 ille
609 2351 674 2392 non
688 2334 754 2392 tem
772 2331 925 2392 monendi
942 2331 1049 2393 studio
1062 2331 1147 2393 dicte
1164 2333 1241 2392 sunt
1253 2349 1350 2409 quem
1370 2333 1549 2394 excitandi
1564 2332 1623 2395 stili

402 2431 451 2491 tui
474 2429 580 2506 gretie
622 2429 713 2505 Quod
735 2431 780 2491 sio
799 2430 931 2491 niieotus
951 2448 986 2490 es
1006 2449 1080 2508 ergo
1099 2428 1279 2508 disoiplinss
1299 2429 1453 2492 maximo
1476 2431 1622 2510 Principe

348 2527 520 2605 130dignns,
549 2528 651 2605 msgis
678 2528 741 2588 isto
768 2528 898 2590 nomine
925 2531 959 2589 te
985 2527 1109 2589 ielioem
1135 2527 1239 2589 iudioo
1267 2545 1365 2605 quom
1400 2527 1478 2606 ipso
1512 2530 1620 2609 guloso,

402 2625 609 2703 quantumuis
627 2629 770 2703 angusto.
815 2625 906 2701 Quod
919 2625 1077 2689 iumulioii
1090 2625 1278 2688 voeebulum
1294 2644 1431 2703 prorsus
1448 2628 1560 2690 reiioit
1571 2631 1621 2688 tm

401 2723 565 2796 modestis,
583 2722 720 2783 liberum
741 2721 801 2783 tibi
821 2724 900 2784 inoio
916 2727 953 2785 vt
971 2743 1159 2803 quoeunque
1178 2743 1230 2785 me
1250 2723 1384 2785 nomine
1400 2745 1514 2803 voees,
1534 2726 1620 2788 modo

405 2820 490 2880 inter
508 2823 580 2880 tuos
598 2839 755 2881 numeres.
796 2820 842 2881 Vt
859 2822 1043 2885 humsnitos
1060 2825 1116 2883 tue
1133 2841 1199 2884 non
1217 2821 1341 2883 iestidit
1355 2822 1618 2887 Guilbelmomm

404 2917 502 2978 trium
517 2917 772 2994 oontubernium,
786 2918 832 2979 iu
846 2938 911 2981 non
924 2920 1037 2983 dubito
1050 2920 1128 2999 quin
1141 2919 1191 2981 illi
1203 2920 1253 2981 tui
1272 2918 1421 2983 nominis
1440 2924 1618 2986 soeeseioue

345 3014 559 3094 135gnudeent
581 3015 762 3077 obscurari:
793 3016 953 3079 sitomen
977 3018 1064 3080 istud
1086 3021 1135 3080 est
1158 3017 1326 3092 obeonrsri
1351 3037 1391 3079 ee
1419 3038 1493 3083 non
1516 3021 1616 3100 potius

402 3115 578 3176 eooessione
590 3113 671 3176 lueis
684 3114 891 3177 illustriorem
906 3116 984 3179 fieri.
1020 3116 1199 3178 Suffurstns
1211 3134 1285 3178 sum
1297 3134 1400 3178 vnum
1412 3122 1476 3181 sut
1489 3119 1615 3182 sltemm

403 3214 557 3290 horulam,
577 3234 617 3275 ne
632 3214 755 3275 viderer
774 3233 902 3292 prorsus
922 3216 1022 3277 offioio
1042 3235 1113 3276 meo
1133 3214 1276 3277 defuisse.
1320 3214 1430 3288 Breui,
1445 3218 1501 3279 vti
1522 3238 1614 3297 spero,

403 3313 558 3391 oopiosius
577 3312 719 3373 studium
735 3312 836 3373 enimi
856 3314 957 3374 nostri
974 3334 1046 3393 erge
1064 3315 1100 3375 Τ.
1120 3310 1340 3375 celsitudinem
1359 3311 1613 3379 declarabimus:

403 3432 500 3491 quom
513 3415 586 3490 opto
600 3431 724 3488 semper
737 3430 834 3489 quem
847 3411 966 3490 optime
980 3412 1091 3473 velere.

347 3531 393 3581 ¹40
445 3510 587 3584 lemnii,
602 3505 715 3591 [Anno
728 3506 903 3590 rt.1>.xvl11].

746 3740 820 3803 960.
865 3737 916 3803 To
939 3738 1082 3805 Mearm
1104 3740 1261 3805 ersme

438 3897 564 3953 Bruesels
576 3898 635 3954 MS.
647 3901 762 3968 4850-7‚
777 3898 797 3957 i.
812 3914 860 3970 151
876 3900 925 3970 (a).
1367 3899 1551 3977 (boumn)

438 3985 752 4057 nomenepno.
1336 3986 1379 4059 <e
1394 3989 1466 4062 Mu
1482 3991 1577 4065 151⁹)

438 4073 581 4131 llorewitz
592 4094 617 4130 v.
628 4092 647 4144 4
661 4074 712 4146 (β).

448 4222 483 4271 In
495 4239 511 4269 a
523 4222 639 4284 Lypsius
649 4221 723 4281 gives
736 4221 785 4269 the
798 4220 938 4284 following
953 4225 1114 4285 argument:
1132 4222 1221 4271 ‘lens
1237 4224 1298 4272 estu
1315 4223 1436 4283 quedem
1452 4240 1488 4275 so
1505 4225 1604 4276 miride

403 4288 433 4338 F.
471 4286 1404 4351 .vtpotesimplieemfsoilecircumueniens,literus‚qussplnrimssi
1440 4291 1603 4355 ’animent

402 4354 480 4417 qussi
490 4352 557 4415 qnid
567 4352 722 4414 quesituros
731 4352 858 4415 efflagitet
871 4370 878 4402 ι
893 4368 961 4416 ques
971 4354 1056 4402 etium
1067 4357 1139 4403 stato
1149 4356 1270 4417 tempore
1281 4367 1336 4403 non
1348 4353 1398 4403 red
1421 4357 1482 4407 'dit
1516 4356 1604 4421 Apolo-

402 4422 475 4483 ginm
487 4432 568 4479 quem
580 4416 669 4465 mittit
680 4416 734 4481 lin,
747 4417 855 4468 dioebnt
866 4433 921 4468 non
932 4434 1008 4483 posse
1019 4418 1189 4479 venumdari,
1202 4418 1366 4481 prohibente
1377 4420 1487 4472 seilioet
1498 4420 1603 4472 Atsnm'

436 4486 492 4535 The
503 4482 569 4546 only
582 4483 687 4541 oertsin
699 4482 830 4533 evidenoe
841 4483 872 4533 oi
882 4485 943 4535 dete
956 4485 1052 4534 iethet
1064 4484 1162 4534 Brisrd
1174 4484 1203 4533 oi
1215 4485 1273 4534 Ath
1287 4487 1325 4549 (p.
1339 4484 1385 4548 93)
1398 4487 1425 4536 is
1438 4487 1502 4537 still
1517 4489 1603 4549 living.

402 4550 493 4600 When
506 4548 603 4598 Briord
615 4548 678 4596 died
700 4548 790 4598 blan.
803 4553 878 4611 ¹5²0)
898 4549 1026 4599 Erasmus
1044 4549 1099 4599 hed
1116 4550 1181 4613 only
1197 4550 1343 4613 published
1360 4550 1440 4601 three
1456 4553 1602 4617 epolonus

402 4618 440 4666 At
449 4616 499 4664 the
509 4618 578 4664 time
588 4614 619 4663 ei
626 4614 674 4663 the
705 4616 752 4677 rst,
765 4616 871 4678 against
882 4616 967 4665 Faber
980 4615 1040 4680 (lip.
1051 4630 1109 4678 597.
1122 4630 1154 4676 32
1163 4616 1213 4678 n.),
1227 4615 1263 4664 he
1272 4631 1330 4666 wss
1341 4618 1391 4665 not
1402 4620 1452 4680 yet
1461 4616 1602 4668 embroiled

402 4682 473 4731 with
484 4681 545 4730 bee.
571 4680 628 4729 'l'he
640 4678 748 4742 seoond,
761 4682 842 4730 about
853 4683 986 4744 marriage
996 4682 1032 4744 (p.
1044 4684 1099 4743 93),
1110 4681 1165 4731 hed
1173 4681 1303 4744 probably
1314 4683 1383 4731 been
1391 4689 1455 4733 sent
1463 4684 1603 4745 alreadyto

402 4748 520 4810 Lypsins
539 4746 608 4795 with
628 4747 677 4795 the
696 4745 862 4809 Pamphi-sse
881 4762 917 4796 en
935 4746 1113 4797 corinthiens
1133 4747 1212 4810 (lipp.
1236 4749 1286 4810 91⁶
1309 4746 1421 4807 introd,
1441 4749 1515 4814 9²1)·
1553 4748 1601 4798 ‘llis

402 4813 526 4876 Apology
545 4811 706 4861 mentioned
722 4810 788 4860 here
810 4827 874 4875 moy
891 4812 1027 4862 therefore
1044 4813 1077 4862 be
1093 4811 1288 4875 conjecturslly
1308 4811 1453 4864 identified
1472 4814 1544 4866 wien
1562 4814 1601 4863 ue

532 4987 587 5048 13&
604 4986 634 5036 Τ.
647 4989 687 5035 E:
703 4989 779 5036 tuum
791 4990 825 5037 Η.
928 5001 983 5046 140.
1001 4985 1125 5047 lemnii,
1138 4986 1222 5035 Anno
1233 4998 1362 5035 noxum
1372 4990 1431 5038 sud.
1445 4991 1480 5039 Η.
