3867 6034
260 703 334 788 ιω]
591 708 645 769 uo
673 708 912 771 summus
938 709 1123 772 namus
1416 714 1456 772 aa

258 860 385 922 nomine
399 861 514 922 harum
526 864 649 939 mystas
661 862 745 923 inter
758 880 826 923 sese
838 865 1040 943 ωιγιφητίζειν,
1055 866 1256 942 posteaquam
1269 867 1336 925 tam
1350 865 1455 925 odiose

258 959 439 1037 conspirant
463 960 692 1038 οἱμσόμουσοι
733 962 897 1023 Postremo
922 962 1024 1023 nolim
1048 981 1101 1023 eos
1124 962 1208 1024 inter
1231 982 1265 1023 se
1289 962 1454 1025 dissentire

257 1076 392 1134 quorum
404 1059 974 1137 vtnmqueparicompleetoramore.
1466 1085 1499 1133 4ο

295 1153 368 1230 Hie,
382 1155 455 1229 scic,
475 1154 625 1218 clamabis
644 1176 696 1217 me
715 1156 882 1235 plusquam
902 1156 1088 1218 Diomedem
1107 1176 1206 1235 agere,
1227 1157 1282 1236 qui
1302 1160 1368 1219 tam
1386 1177 1454 1234 pro

255 1252 335 1314 lixae
362 1252 515 1331 epistolae
544 1256 670 1332 tamque
697 1256 832 1316 disertae
859 1255 962 1317 tribus
988 1255 1130 1318 versibus
1155 1254 1254 1332 iisque
1280 1255 1453 1317 inconditis

255 1351 481 1428 respondeam
505 1352 561 1414 sed
580 1352 707 1432 aequior
725 1352 788 1414 eris
808 1351 907 1428 nobis,
929 1355 978 1413 sat
998 1353 1070 1427 ecio,
1092 1352 1121 1413 si
1140 1352 1258 1431 cogites
1276 1352 1358 1413 mihi
1378 1372 1452 1414 cum

254 1448 402 1510 maximis
421 1448 637 1511 voluminibus
657 1470 725 1512 rem
747 1470 823 1528 esse,
846 1451 934 1530 sique
958 1453 1091 1529 reputes,
1116 1470 1197 1512 vnus
1221 1470 1316 1528 quam
1340 1451 1453 1513 multis

254 1547 459 1624 respondeam
473 1566 554 1625 pene
567 1548 688 1609 cotidie.
732 1550 819 1610 Bene
832 1548 911 1609 vale.
956 1547 1099 1610 Louanii.
1115 1544 1377 1629 au.1r.n.xv11[1].
1467 1572 1498 1622 ⁴5

531 1734 676 1819 ⁶⁰⁶⁶2len
720 1732 819 1797 Facu
842 1733 957 1797 Perua
980 1733 1182 1798 Baaauuus,

287 1868 434 1925 stenter
446 1867 504 1923 118.
519 1869 596 1938 91,i.
612 1882 653 1938 54.
1172 1867 1212 1923 St.
1227 1866 1418 1937 Cybardeaux.

286 1955 344 2011 LB.
358 1957 433 2026 App.
447 1969 506 2026 159.
1170 1972 1203 2011 ιι
1214 1954 1326 2026 August
1341 1968 1418 2025 1517.

283 2067 355 2132 [The
363 2067 441 2129 place
451 2068 521 2119 from
532 2069 625 2119 which
635 2069 775 2119 Bar-birine
787 2071 879 2119 writes
889 2071 913 2119 is
922 2085 939 2119 a
947 2071 1028 2121 small
1035 2071 1134 2135 village
1145 2073 1176 2121 in
1184 2071 1232 2121 the
1240 2071 1414 2135 department
1425 2071 1456 2119 ot

252 2132 397 2196 Charonte,
410 2136 465 2183 two
475 2134 555 2185 miles
566 2136 597 2186 E.
610 2135 640 2185 of
649 2135 781 2199 Bouillae,
791 2151 826 2185 on
835 2137 882 2186 the
894 2137 959 2186 road
970 2137 1041 2186 from
1051 2138 1168 2188 Poitiers
1178 2141 1207 2187 to
1218 2136 1366 2187 Borduux.
1391 2138 1427 2186 In
1435 2153 1452 2187 a

252 2198 400 2247 doenment
415 2199 510 2261 sigred
527 2200 564 2262 by
583 2200 621 2249 Le
639 2200 757 2264 &unge
776 2217 811 2251 on
829 2202 877 2250 the
894 2217 968 2251 same
985 2203 1048 2265 day,
1068 2203 1116 2252 the
1133 2217 1214 2252 name
1230 2216 1343 2266 appears
1359 2216 1389 2251 aa
1402 2202 1451 2251 ‘de

252 2264 500 2327 Sanetcenparchio
511 2265 545 2313 de
553 2266 636 2315 Ilice’
651 2267 772 2330 (Brewer
780 2268 809 2316 ii.
818 2266 920 2332 3575.)]

460 2411 664 2462 Docrlssmo
685 2413 769 2462 VIRO
792 2414 823 2464 D.
841 2412 979 2461 naisso
1002 2414 1242 2464 ROTERODAMO.

292 2539 407 2612 ΒΑΜ,
430 2538 608 2600 doctissime
626 2539 754 2600 domine
771 2539 817 2598 mi
837 2539 976 2599 Erasme.
1017 2539 1153 2600 Litteras
1173 2540 1245 2599 tuas
1264 2541 1303 2600 de
1324 2542 1363 2598 '16
1384 2540 1450 2601 cu

250 2637 390 2715 Augusti
409 2656 448 2696 ex
466 2637 606 2699 Iaouanio
624 2638 676 2698 his
694 2637 805 2697 diebus
819 2637 949 2714 accoepi.
992 2637 1134 2697 Miserias
1147 2641 1270 2699 nostras
1287 2639 1322 2699 in
1340 2637 1450 2698 trium·

249 2734 331 2811 phos
344 2735 493 2813 erigendo
506 2735 638 2813 pulchre
656 2736 786 2809 derides,
801 2737 855 2796 sed
873 2736 932 2797 hoc
951 2736 1092 2797 moribus
1104 2738 1169 2796 tuis
1181 2738 1333 2798 condono.
1376 2736 1447 2797 Non

248 2832 392 2894 condono
405 2837 511 2893 autem
523 2834 615 2894 facile
628 2853 684 2911 per
702 2853 796 2910 quem
809 2833 928 2895 factum
946 2838 994 2895 est
1013 2854 1075 2912 quo
1093 2835 1201 2896 minus
1214 2838 1285 2895 tuas
1297 2834 1449 2912 reciperes

247 2931 406 3006 pecunms.
463 2930 578 2992 Adhuc
605 2932 691 2991 euim
722 2932 804 3010 apud
833 2927 959 2992 Insulas
991 2933 1129 2992 existens
1161 2935 1288 2994 eentum
1315 2932 1476 2997 dorenoss

248 3028 423 3104 numer-aui,
449 3028 625 3091 exhibendo
647 3029 720 3090 illos
742 3030 781 3089 ad
805 3048 919 3090 manus
943 3030 1064 3091 domini
1086 3030 1208 3090 domini
1231 3031 1270 3092 de
1292 3031 1445 3109 Marques,

249 3126 326 3204 regii
344 3125 526 3188 consiliarii.
567 3126 657 3203 Quod
677 3130 782 3187 autem
802 3129 869 3187 tam
889 3146 945 3204 pro
965 3127 1116 3204 pensione
1132 3128 1332 3190 curtracensi
1352 3149 1448 3206 quam

247 3244 304 3301 pro
327 3224 451 3302 reliquo
478 3224 634 3302 stipendio
661 3227 789 3286 centum
812 3226 948 3286 florenos
971 3228 1096 3286 tantum
1123 3226 1285 3304 acceperis,
1310 3246 1367 3303 per
1390 3227 1448 3288 Hi·

247 3342 383 3401 spanum
403 3324 501 3398 stetit,
523 3324 586 3400 qui,
607 3343 678 3383 cum
700 3324 827 3383 eentum
848 3323 1076 3401 quinquaginta
1095 3324 1223 3385 ducatos
1243 3324 1445 3401 promisisset

247 3441 303 3498 pro
316 3440 406 3482 more
418 3421 523 3499 gentis
541 3439 615 3482 suae
633 3419 756 3481 Punica
769 3421 830 3480 fide
848 3420 904 3481 vix
922 3423 1048 3481 centum
1064 3422 1178 3499 viginti
1194 3423 1388 3483 numerauit:
1409 3423 1447 3483 de
1464 3439 1493 3472 ¹0

246 3520 363 3597 thus
375 3522 505 3580 centum
519 3518 628 3579 statim
641 3518 769 3578 domino
782 3538 852 3578 meo
865 3519 994 3595 reddidi,
1011 3540 1090 3597 quos
1108 3521 1174 3597 ipse
1193 3521 1231 3582 de
1245 3519 1377 3597 pecunia
1390 3539 1447 3581 sua

247 3616 391 3678 Gandaui
419 3615 481 3676 tibi
505 3636 667 3677 numerare
690 3618 829 3676 iusserat.
881 3617 924 3677 'Pe
950 3620 1057 3677 tamen
1084 3618 1222 3693 interim,
1248 3618 1376 3677 domine
1401 3619 1445 3678 mi

246 3713 385 3789 Bruma,
411 3733 464 3774 oro
489 3717 525 3776 vt
549 3715 701 3791 tantisper
722 3714 876 3792 patienter
900 3718 1041 3792 expectes
1065 3716 1163 3776 donec
1190 3716 1228 3775 ad
1256 3715 1444 3792 Hispaniam

245 3817 473 3889 perueniamus,
489 3812 614 3890 quando
633 3811 761 3872 domino
780 3831 848 3873 meo
866 3811 970 3874 oblata
988 3816 1144 3874 occasione
1164 3814 1401 3876 admemoriam
1415 3816 1445 3876 te

246 3915 361 3987 tuaque
384 3910 513 3987 negocia
537 3911 694 3985 reducam,
715 3909 895 3987 faciamque,
920 3912 1134 3988 quantumin
1158 3932 1210 3972 me
1233 3913 1300 3987 erit,
1325 3916 1361 3975 vt
1384 3915 1444 3976 tibi
1461 3928 1489 3978 ¹5

246 4026 339 4084 supra
352 4027 443 4085 spem
457 4008 597 4068 satisfiat

285 4106 332 4165 De
358 4106 449 4167 Card.
475 4107 593 4168 nostris
616 4106 715 4180 nouis,
741 4126 780 4166 ne
805 4106 884 4167 forte
908 4128 973 4168 uon
998 4111 1079 4169 reeta
1105 4110 1245 4171 ferantur
1271 4111 1309 4171 ad
1338 4117 1368 4171 te
1392 4110 1444 4172 via

246 4209 368 4265 noemae
390 4204 521 4280 litterae,
545 4206 644 4266 satius
667 4208 767 4265 tacere
789 4204 863 4264 duxi
888 4225 982 4283 quam
1005 4207 1123 4285 aliquid
1148 4208 1281 4270 scribere
1302 4208 1440 4269 liberius

245 4301 342 4363 Miror
362 4302 500 4363 Fabrum
521 4305 688 4382 quicquam
709 4303 747 4362 de
767 4305 800 4362 te
820 4302 870 4362 vel
890 4303 925 4363 in
947 4308 977 4364 te
997 4324 1070 4366 cum
1089 4307 1253 4367 stomacho
1272 4307 1439 4383 scripsisse.

246 4399 311 4476 Ego
332 4400 427 4462 illum
448 4402 583 4462 conueni
602 4401 732 4494 Parisiis
752 4404 784 4460 et
804 4401 1028 4478 Olicthoueum
1051 4405 1140 4464 cuius
1160 4407 1264 4464 tecum
1285 4404 1441 4465 amiciciae
1458 4421 1489 4457 ²0

356 4529 415 4578 620.
433 4544 475 4589 42.
495 4531 582 4592 iisque
593 4534 630 4579 E:
648 4530 747 4591 hisque
759 4545 781 4578 o.
851 4547 891 4589 44.
908 4533 1031 4593 sicqueo.
1102 4547 1141 4594 45.
1161 4548 1230 4595 pone
1242 4548 1287 4580 cm.
1301 4536 1333 4582 H.

276 4671 333 4719 620.
353 4685 393 4730 41.
414 4670 588 4735 Diomedem]
597 4672 637 4721 cf.
649 4671 730 4720 Hom.
741 4672 774 4717 11.
790 4671 814 4718 6.
900 4687 924 4732 9.
941 4673 1066 4736 ducatos]
1078 4672 1103 4721 A
1114 4673 1176 4734 gold
1188 4675 1270 4722 ducat
1281 4687 1337 4723 was
1353 4676 1440 4724 worth

245 4739 326 4797 ²35⁶·
868 4737 956 4798 sgold
969 4738 1063 4786 florius
1073 4754 1079 4797 ;
1090 4753 1134 4787 see
1142 4753 1178 4787 en
1187 4739 1439 4802 ordinanceof15n1

275 4802 333 4850 621.
345 4816 370 4861 5.
391 4801 513 4864 Insulas]
524 4802 591 4851 hille
604 4820 611 4862 ;
627 4802 660 4851 ci.
668 4803 775 4852 Brewer
787 4806 816 4855 ii.
868 4801 967 4862 quoted
979 4804 1013 4865 by
1025 4804 1187 4867 Desehampe
1199 4805 1232 4854 de
1244 4806 1304 4869 Pas,
1317 4809 1369 4855 Rev.
1383 4811 1443 4867 belec

244 4879 316 4928 3379
869 4872 1095 4932 ἀιιιιιιηίιιιαιίᾳιω,
1112 4872 1156 4931 ι87
1197 4886 1223 4933 p.
1237 4872 1277 4920 aa.

305 4936 419 4981 eentum
457 4932 581 4997 florenos]
620 4933 706 4983 These
744 4950 819 4983 men·
904 4933 1142 5000 11.d0miuo]1e
1196 4950 1288 4999 unge.
1323 4938 1374 4986 For
1394 4937 1441 4985 tho

245 4998 335 5046 ttoned
347 5000 378 5048 iu
391 4998 410 5048 l.
424 4999 449 5046 R
870 5002 1038 5051 transactlon
1049 5016 1094 5051 ree
1105 5002 1153 5065 Ep.
1164 5015 1221 5065 597.
1236 5005 1269 5051 0⁶
1279 5018 1307 5053 n.
