<?xml version="1.0" encoding="UTF-8"?>
<!DOCTYPE html PUBLIC "-//W3C//DTD XHTML 1.0 Transitional//EN"
    "http://www.w3.org/TR/xhtml1/DTD/xhtml1-transitional.dtd">
<html xmlns="http://www.w3.org/1999/xhtml" xml:lang="en" lang="en">
 <head>
  <title>
</title>
<meta http-equiv="Content-Type" content="text/html;charset=utf-8" />
  <meta name='ocr-system' content='tesseract 3.04.00' />
  <meta name='ocr-capabilities' content='ocr_page ocr_carea ocr_par ocr_line ocrx_word'/>
</head>
<body>
  <div class='ocr_page' id='page_1' title='image "./opusepistolarum03garrgoog_0293.png"; bbox 0 0 3867 6034; ppageno 0'>
   <div class='ocr_carea' id='block_1_1' title="bbox 306 678 1498 763">
    <p class='ocr_par' dir='ltr' id='par_1_1' title="bbox 306 678 1498 763">
     <span class='ocr_line' id='line_1_1' title="bbox 306 678 1498 763; baseline 0.01 -29"><span class='ocrx_word' id='word_1_1' title='bbox 306 678 378 763; x_wconf 81' lang='lat'><strong>⁷⁹5]</strong></span> <span class='ocrx_word' id='word_1_2' title='bbox 704 683 758 746; x_wconf 86' lang='lat' dir='ltr'>ro</span> <span class='ocrx_word' id='word_1_3' title='bbox 786 684 899 746; x_wconf 77' lang='lat' dir='ltr'>rous</span> <span class='ocrx_word' id='word_1_4' title='bbox 926 684 1095 747; x_wconf 82' lang='lat' dir='ltr'>rsoeun</span> <span class='ocrx_word' id='word_1_5' title='bbox 1440 685 1498 746; x_wconf 72' lang='grc' dir='ltr'>ιιι</span> 
     </span>
    </p>
   </div>
   <div class='ocr_carea' id='block_1_2' title="bbox 303 838 1499 1017">
    <p class='ocr_par' dir='ltr' id='par_1_2' title="bbox 303 838 1499 1017">
     <span class='ocr_line' id='line_1_2' title="bbox 304 838 1499 921; baseline 0.006 -23"><span class='ocrx_word' id='word_1_6' title='bbox 304 838 381 913; x_wconf 81' lang='lat' dir='ltr'>vele,</span> <span class='ocrx_word' id='word_1_7' title='bbox 396 839 580 901; x_wconf 72' lang='lat' dir='ltr'>charissime</span> <span class='ocrx_word' id='word_1_8' title='bbox 593 841 737 915; x_wconf 74' lang='lat' dir='ltr'>Frobeni</span> <span class='ocrx_word' id='word_1_9' title='bbox 753 843 847 919; x_wconf 80' lang='lat' dir='ltr'>etque</span> <span class='ocrx_word' id='word_1_10' title='bbox 860 840 939 903; x_wconf 92' lang='lat' dir='ltr'>illud</span> <span class='ocrx_word' id='word_1_11' title='bbox 955 841 1016 903; x_wconf 90' lang='lat' dir='ltr'>tibi</span> <span class='ocrx_word' id='word_1_12' title='bbox 1029 842 1186 921; x_wconf 79' lang='lat' dir='ltr'>persuade,</span> <span class='ocrx_word' id='word_1_13' title='bbox 1203 843 1382 918; x_wconf 73' lang='lat' dir='ltr'>Erasmum</span> <span class='ocrx_word' id='word_1_14' title='bbox 1399 843 1499 921; x_wconf 77' lang='lat' dir='ltr'>quood</span> 
     </span>
     <span class='ocr_line' id='line_1_3' title="bbox 303 937 971 1017; baseline 0.007 -21"><span class='ocrx_word' id='word_1_15' title='bbox 303 937 398 1011; x_wconf 86' lang='lat' dir='ltr'>riuet,</span> <span class='ocrx_word' id='word_1_16' title='bbox 414 937 474 997; x_wconf 91' lang='lat' dir='ltr'>tibi</span> <span class='ocrx_word' id='word_1_17' title='bbox 488 957 598 999; x_wconf 89' lang='lat' dir='ltr'>verum</span> <span class='ocrx_word' id='word_1_18' title='bbox 612 942 804 1017; x_wconf 75' lang='lat' dir='ltr'>compatrem</span> <span class='ocrx_word' id='word_1_19' title='bbox 818 940 971 1001; x_wconf 84' lang='lat' dir='ltr'>futurum.</span> 
     </span>
    </p>
   </div>
   <div class='ocr_carea' id='block_1_3' title="bbox 342 1035 1012 1115">
    <p class='ocr_par' dir='ltr' id='par_1_3' title="bbox 342 1035 1012 1115">
     <span class='ocr_line' id='line_1_4' title="bbox 342 1035 1012 1115; baseline 0 -19"><span class='ocrx_word' id='word_1_20' title='bbox 342 1035 475 1096; x_wconf 78' lang='lat' dir='ltr'>Louanii</span> <span class='ocrx_word' id='word_1_21' title='bbox 489 1037 596 1098; x_wconf 72' lang='lat' dir='ltr'>Natali</span> <span class='ocrx_word' id='word_1_22' title='bbox 610 1038 760 1115; x_wconf 81' lang='lat' dir='ltr'><strong>Gregorii.</strong></span> <span class='ocrx_word' id='word_1_23' title='bbox 775 1038 838 1098; x_wconf 82' lang='lat' dir='ltr'>An.</span> <span class='ocrx_word' id='word_1_24' title='bbox 854 1037 1012 1098; x_wconf 64' lang='lat' dir='ltr'>mcxviii.</span> 
     </span>
    </p>
   </div>
   <div class='ocr_carea' id='block_1_4' title="bbox 620 1199 1172 1267">
    <p class='ocr_par' dir='ltr' id='par_1_4' title="bbox 620 1199 1172 1267">
     <span class='ocr_line' id='line_1_5' title="bbox 620 1199 1172 1267; baseline 0.004 -2"><span class='ocrx_word' id='word_1_25' title='bbox 620 1203 692 1265; x_wconf 87' lang='grc'><strong>796.</strong></span> <span class='ocrx_word' id='word_1_26' title='bbox 738 1201 787 1266; x_wconf 85' lang='lat' dir='ltr'>To</span> <span class='ocrx_word' id='word_1_27' title='bbox 809 1200 948 1265; x_wconf 66' lang='lat' dir='ltr'>Burrus</span> <span class='ocrx_word' id='word_1_28' title='bbox 970 1199 1172 1267; x_wconf 71' lang='lat' dir='ltr'>summus.</span> 
     </span>
    </p>
   </div>
   <div class='ocr_carea' id='block_1_5' title="bbox 336 1332 1461 1497">
    <p class='ocr_par' dir='ltr' id='par_1_5' title="bbox 336 1332 1461 1497">
     <span class='ocr_line' id='line_1_6' title="bbox 336 1332 1391 1405; baseline 0.002 -16"><span class='ocrx_word' id='word_1_29' title='bbox 336 1332 477 1389; x_wconf 84' lang='lat' dir='ltr'>Dereuter</span> <span class='ocrx_word' id='word_1_30' title='bbox 489 1332 548 1390; x_wconf 75' lang='lat' dir='ltr'>MS.</span> <span class='ocrx_word' id='word_1_31' title='bbox 561 1349 605 1405; x_wconf 87' lang='lat'>91,</span> <span class='ocrx_word' id='word_1_32' title='bbox 618 1334 637 1390; x_wconf 86' lang='lat' dir='ltr'>f.</span> <span class='ocrx_word' id='word_1_33' title='bbox 651 1350 694 1403; x_wconf 88' lang='lat'>90.</span> <span class='ocrx_word' id='word_1_34' title='bbox 1258 1335 1391 1391; x_wconf 75' lang='lat' dir='ltr'>Iaoursin.</span> 
     </span>
     <span class='ocr_line' id='line_1_7' title="bbox 336 1419 1461 1497; baseline 0.005 -23"><span class='ocrx_word' id='word_1_35' title='bbox 336 1419 393 1476; x_wconf 84' lang='lat' dir='ltr'>LB.</span> <span class='ocrx_word' id='word_1_36' title='bbox 403 1419 476 1493; x_wconf 78' lang='lat' dir='ltr'>App.</span> <span class='ocrx_word' id='word_1_37' title='bbox 490 1436 552 1489; x_wconf 85' lang='lat'>274.</span> <span class='ocrx_word' id='word_1_38' title='bbox 1184 1435 1216 1492; x_wconf 87' lang='lat'>13</span> <span class='ocrx_word' id='word_1_39' title='bbox 1230 1421 1329 1479; x_wconf 84' lang='lat' dir='ltr'>Merch</span> <span class='ocrx_word' id='word_1_40' title='bbox 1344 1421 1461 1497; x_wconf 80' lang='lat'>(1518).</span> 
     </span>
    </p>
   </div>
   <div class='ocr_carea' id='block_1_6' title="bbox 664 1550 1134 1599">
    <p class='ocr_par' dir='ltr' id='par_1_6' title="bbox 664 1550 1134 1599">
     <span class='ocr_line' id='line_1_8' title="bbox 664 1550 1134 1599; baseline -0.002 0"><span class='ocrx_word' id='word_1_41' title='bbox 664 1551 820 1599; x_wconf 74' lang='lat' dir='ltr'>mssuvs</span> <span class='ocrx_word' id='word_1_42' title='bbox 841 1551 951 1599; x_wconf 80' lang='grc' dir='ltr'>ΒΕΑΤΟ</span> <span class='ocrx_word' id='word_1_43' title='bbox 974 1550 1036 1598; x_wconf 80' lang='lat' dir='ltr'>SVO</span> <span class='ocrx_word' id='word_1_44' title='bbox 1058 1551 1085 1599; x_wconf 86' lang='lat' dir='ltr'>S.</span> <span class='ocrx_word' id='word_1_45' title='bbox 1101 1551 1134 1599; x_wconf 91' lang='lat' dir='ltr'>D.</span> 
     </span>
    </p>
   </div>
   <div class='ocr_carea' id='block_1_7' title="bbox 291 1670 1538 4492">
    <p class='ocr_par' dir='ltr' id='par_1_7' title="bbox 298 1670 1521 2238">
     <span class='ocr_line' id='line_1_9' title="bbox 341 1670 1496 1750; baseline 0.003 -19"><span class='ocrx_word' id='word_1_46' title='bbox 341 1670 391 1731; x_wconf 82' lang='lat' dir='ltr'>Dr:</span> <span class='ocrx_word' id='word_1_47' title='bbox 408 1671 520 1733; x_wconf 82' lang='lat' dir='ltr'>Peosei</span> <span class='ocrx_word' id='word_1_48' title='bbox 539 1673 744 1750; x_wconf 80' lang='lat' dir='ltr'>frigidissimo</span> <span class='ocrx_word' id='word_1_49' title='bbox 765 1672 873 1733; x_wconf 89' lang='lat' dir='ltr'>libello</span> <span class='ocrx_word' id='word_1_50' title='bbox 892 1672 955 1733; x_wconf 90' lang='lat' dir='ltr'>dici</span> <span class='ocrx_word' id='word_1_51' title='bbox 974 1673 1029 1733; x_wconf 86' lang='lat' dir='ltr'>vix</span> <span class='ocrx_word' id='word_1_52' title='bbox 1049 1673 1157 1750; x_wconf 90' lang='lat' dir='ltr'>possit,</span> <span class='ocrx_word' id='word_1_53' title='bbox 1176 1672 1222 1733; x_wconf 89' lang='lat' dir='ltr'>mi</span> <span class='ocrx_word' id='word_1_54' title='bbox 1243 1672 1347 1747; x_wconf 73' lang='lat' dir='ltr'>Beate,</span> <span class='ocrx_word' id='word_1_55' title='bbox 1368 1676 1496 1750; x_wconf 79' lang='lat' dir='ltr'>quanto</span> 
     </span>
     <span class='ocr_line' id='line_1_10' title="bbox 300 1768 1496 1849; baseline 0.003 -20"><span class='ocrx_word' id='word_1_56' title='bbox 300 1788 372 1845; x_wconf 87' lang='lat' dir='ltr'>pere</span> <span class='ocrx_word' id='word_1_57' title='bbox 381 1788 433 1830; x_wconf 89' lang='lat' dir='ltr'>me</span> <span class='ocrx_word' id='word_1_58' title='bbox 443 1771 558 1847; x_wconf 74' lang='lat' dir='ltr'>pudeat</span> <span class='ocrx_word' id='word_1_59' title='bbox 569 1771 640 1849; x_wconf 84' lang='lat' dir='ltr'>(et)</span> <span class='ocrx_word' id='word_1_60' title='bbox 652 1772 764 1849; x_wconf 80' lang='lat' dir='ltr'>pigeat</span> <span class='ocrx_word' id='word_1_61' title='bbox 803 1771 872 1832; x_wconf 82' lang='lat' dir='ltr'>Hoc</span> <span class='ocrx_word' id='word_1_62' title='bbox 882 1772 930 1830; x_wconf 90' lang='lat' dir='ltr'>est</span> <span class='ocrx_word' id='word_1_63' title='bbox 940 1772 1168 1847; x_wconf 65' lang='lat' dir='ltr'>prorsusrdnis</span> <span class='ocrx_word' id='word_1_64' title='bbox 1176 1771 1334 1847; x_wconf 80' lang='grc' dir='ltr'>παροιμίας,</span> <span class='ocrx_word' id='word_1_65' title='bbox 1342 1768 1496 1848; x_wconf 77' lang='grc' dir='ltr'>Ἀνθρακες</span> 
     </span>
     <span class='ocr_line' id='line_1_11' title="bbox 300 1866 1495 1943; baseline 0.003 -18"><span class='ocrx_word' id='word_1_66' title='bbox 300 1866 448 1943; x_wconf 54' lang='grc' dir='ltr'>θησαυρός</span> <span class='ocrx_word' id='word_1_67' title='bbox 492 1867 562 1929; x_wconf 84' lang='lat' dir='ltr'>Scio</span> <span class='ocrx_word' id='word_1_68' title='bbox 582 1868 688 1930; x_wconf 89' lang='lat' dir='ltr'>doctos</span> <span class='ocrx_word' id='word_1_69' title='bbox 707 1869 829 1929; x_wconf 79' lang='lat' dir='ltr'>omneis</span> <span class='ocrx_word' id='word_1_70' title='bbox 848 1866 937 1928; x_wconf 89' lang='lat' dir='ltr'>illius</span> <span class='ocrx_word' id='word_1_71' title='bbox 956 1867 1073 1928; x_wconf 80' lang='lat' dir='ltr'>smioos</span> <span class='ocrx_word' id='word_1_72' title='bbox 1093 1886 1220 1928; x_wconf 88' lang='lat' dir='ltr'>mecum</span> <span class='ocrx_word' id='word_1_73' title='bbox 1240 1887 1279 1927; x_wconf 84' lang='lat' dir='ltr'>ex</span> <span class='ocrx_word' id='word_1_74' title='bbox 1296 1868 1403 1930; x_wconf 81' lang='lat' dir='ltr'>animo</span> <span class='ocrx_word' id='word_1_75' title='bbox 1419 1868 1495 1929; x_wconf 93' lang='lat' dir='ltr'>doli-</span> 
     </span>
     <span class='ocr_line' id='line_1_12' title="bbox 298 1964 1495 2043; baseline 0.003 -21"><span class='ocrx_word' id='word_1_76' title='bbox 298 1966 387 2025; x_wconf 89' lang='lat' dir='ltr'>turos</span> <span class='ocrx_word' id='word_1_77' title='bbox 399 1985 408 2039; x_wconf 80' lang='lat'><em>3</em></span> <span class='ocrx_word' id='word_1_78' title='bbox 427 1964 483 2026; x_wconf 91' lang='lat' dir='ltr'>sed</span> <span class='ocrx_word' id='word_1_79' title='bbox 495 1966 550 2026; x_wconf 89' lang='lat' dir='ltr'>ille</span> <span class='ocrx_word' id='word_1_80' title='bbox 563 1965 692 2027; x_wconf 76' lang='lat' dir='ltr'><strong>interim</strong></span> <span class='ocrx_word' id='word_1_81' title='bbox 705 1965 822 2026; x_wconf 81' lang='lat' dir='ltr'>fruitur</span> <span class='ocrx_word' id='word_1_82' title='bbox 834 1984 890 2026; x_wconf 81' lang='lat' dir='ltr'>eun</span> <span class='ocrx_word' id='word_1_83' title='bbox 903 1964 1052 2026; x_wconf 74' lang='lat' dir='ltr'>felicitate</span> <span class='ocrx_word' id='word_1_84' title='bbox 1065 1965 1162 2041; x_wconf 85' lang='lat' dir='ltr'>diues,</span> <span class='ocrx_word' id='word_1_85' title='bbox 1180 1965 1260 2043; x_wconf 76' lang='lat' dir='ltr'>Regi</span> <span class='ocrx_word' id='word_1_86' title='bbox 1274 1964 1495 2042; x_wconf 81' lang='lat' dir='ltr'>Osrdimlique</span> 
     </span>
     <span class='ocr_line' id='line_1_13' title="bbox 298 2061 1521 2141; baseline 0.004 -20"><span class='ocrx_word' id='word_1_87' title='bbox 298 2062 504 2137; x_wconf 67' lang='lat' dir='ltr'>gratissimus.</span> <span class='ocrx_word' id='word_1_88' title='bbox 548 2063 637 2125; x_wconf 79' lang='lat' dir='ltr'>Mero</span> <span class='ocrx_word' id='word_1_89' title='bbox 654 2066 762 2125; x_wconf 83' lang='lat' dir='ltr'>tumen</span> <span class='ocrx_word' id='word_1_90' title='bbox 778 2063 890 2141; x_wconf 86' lang='lat' dir='ltr'>scripsi</span> <span class='ocrx_word' id='word_1_91' title='bbox 905 2065 941 2123; x_wconf 85' lang='lat' dir='ltr'>vt</span> <span class='ocrx_word' id='word_1_92' title='bbox 954 2061 1047 2123; x_wconf 91' lang='lat' dir='ltr'>illum</span> <span class='ocrx_word' id='word_1_93' title='bbox 1065 2063 1263 2124; x_wconf 75' lang='lat' dir='ltr'>familiariter</span> <span class='ocrx_word' id='word_1_94' title='bbox 1274 2063 1441 2124; x_wconf 84' lang='lat' dir='ltr'>edmonest</span> <span class='ocrx_word' id='word_1_95' title='bbox 1454 2077 1521 2126; x_wconf 74' lang='lat' dir='ltr'>nes</span> 
     </span>
     <span class='ocr_line' id='line_1_14' title="bbox 299 2160 869 2238; baseline 0.002 -18"><span class='ocrx_word' id='word_1_96' title='bbox 299 2163 407 2236; x_wconf 78' lang='lat' dir='ltr'>perget</span> <span class='ocrx_word' id='word_1_97' title='bbox 420 2160 460 2221; x_wconf 77' lang='lat' dir='ltr'>ad</span> <span class='ocrx_word' id='word_1_98' title='bbox 473 2162 572 2222; x_wconf 90' lang='lat' dir='ltr'>istum</span> <span class='ocrx_word' id='word_1_99' title='bbox 585 2162 717 2238; x_wconf 87' lang='lat' dir='ltr'>ineptire</span> <span class='ocrx_word' id='word_1_100' title='bbox 730 2162 869 2222; x_wconf 90' lang='lat' dir='ltr'>modum.</span> 
     </span>
    </p>

    <p class='ocr_par' dir='ltr' id='par_1_8' title="bbox 297 2256 1538 2728">
     <span class='ocr_line' id='line_1_15' title="bbox 339 2256 1491 2336; baseline 0.002 -18"><span class='ocrx_word' id='word_1_101' title='bbox 339 2256 486 2319; x_wconf 83' lang='lat' dir='ltr'>Frobenii</span> <span class='ocrx_word' id='word_1_102' title='bbox 506 2260 607 2320; x_wconf 88' lang='lat' dir='ltr'>vicem</span> <span class='ocrx_word' id='word_1_103' title='bbox 627 2260 725 2335; x_wconf 85' lang='lat' dir='ltr'>doleo,</span> <span class='ocrx_word' id='word_1_104' title='bbox 741 2261 792 2320; x_wconf 93' lang='lat' dir='ltr'>cui</span> <span class='ocrx_word' id='word_1_105' title='bbox 810 2277 973 2336; x_wconf 76' lang='lat' dir='ltr'>uunquam</span> <span class='ocrx_word' id='word_1_106' title='bbox 993 2257 1094 2335; x_wconf 84' lang='lat' dir='ltr'>quocd</span> <span class='ocrx_word' id='word_1_107' title='bbox 1111 2260 1218 2319; x_wconf 79' lang='lat' dir='ltr'>vinem</span> <span class='ocrx_word' id='word_1_108' title='bbox 1234 2278 1305 2319; x_wconf 90' lang='lat' dir='ltr'>sum</span> <span class='ocrx_word' id='word_1_109' title='bbox 1319 2258 1491 2320; x_wconf 82' lang='lat' dir='ltr'>defuturus</span> 
     </span>
     <span class='ocr_line' id='line_1_16' title="bbox 298 2354 1494 2435; baseline 0.003 -21"><span class='ocrx_word' id='word_1_110' title='bbox 298 2354 404 2432; x_wconf 81' lang='lat' dir='ltr'><strong>Atque</strong></span> <span class='ocrx_word' id='word_1_111' title='bbox 423 2376 622 2418; x_wconf 86' lang='lat' dir='ltr'>communem</span> <span class='ocrx_word' id='word_1_112' title='bbox 644 2360 836 2435; x_wconf 81' lang='lat' dir='ltr'>compatrem</span> <span class='ocrx_word' id='word_1_113' title='bbox 856 2355 916 2417; x_wconf 83' lang='lat' dir='ltr'>tibi</span> <span class='ocrx_word' id='word_1_114' title='bbox 937 2355 1077 2417; x_wconf 85' lang='lat' dir='ltr'>vicissim</span> <span class='ocrx_word' id='word_1_115' title='bbox 1095 2355 1304 2431; x_wconf 85' lang='lat' dir='ltr'>commendo;</span> <span class='ocrx_word' id='word_1_116' title='bbox 1326 2357 1377 2416; x_wconf 91' lang='lat' dir='ltr'>cui</span> <span class='ocrx_word' id='word_1_117' title='bbox 1392 2361 1429 2417; x_wconf 94' lang='lat' dir='ltr'>tu</span> <span class='ocrx_word' id='word_1_118' title='bbox 1442 2356 1494 2417; x_wconf 87' lang='lat' dir='ltr'>vel</span> 
     </span>
     <span class='ocr_line' id='line_1_17' title="bbox 298 2452 1493 2533; baseline 0.003 -21"><span class='ocrx_word' id='word_1_119' title='bbox 298 2452 435 2515; x_wconf 74' lang='lat' dir='ltr'>maxime</span> <span class='ocrx_word' id='word_1_120' title='bbox 452 2459 540 2531; x_wconf 85' lang='lat' dir='ltr'>potes</span> <span class='ocrx_word' id='word_1_121' title='bbox 558 2475 624 2516; x_wconf 89' lang='lat' dir='ltr'>esse</span> <span class='ocrx_word' id='word_1_122' title='bbox 644 2455 807 2533; x_wconf 77' lang='lat' dir='ltr'>praesidio.</span> <span class='ocrx_word' id='word_1_123' title='bbox 852 2453 934 2515; x_wconf 78' lang='lat' dir='ltr'>Num</span> <span class='ocrx_word' id='word_1_124' title='bbox 954 2473 1025 2515; x_wconf 77' lang='lat' dir='ltr'>mee</span> <span class='ocrx_word' id='word_1_125' title='bbox 1045 2453 1174 2531; x_wconf 88' lang='lat' dir='ltr'>quidem</span> <span class='ocrx_word' id='word_1_126' title='bbox 1195 2457 1279 2515; x_wconf 79' lang='lat' dir='ltr'>cetus</span> <span class='ocrx_word' id='word_1_127' title='bbox 1295 2473 1330 2514; x_wconf 81' lang='lat' dir='ltr'>oc</span> <span class='ocrx_word' id='word_1_128' title='bbox 1346 2453 1493 2516; x_wconf 71' lang='lat' dir='ltr'>valetudo</span> 
     </span>
     <span class='ocr_line' id='line_1_18' title="bbox 297 2550 1538 2631; baseline 0.002 -21"><span class='ocrx_word' id='word_1_129' title='bbox 297 2550 484 2613; x_wconf 80' lang='lat' dir='ltr'>iamdudum</span> <span class='ocrx_word' id='word_1_130' title='bbox 496 2552 536 2614; x_wconf 82' lang='lat' dir='ltr'>ub</span> <span class='ocrx_word' id='word_1_131' title='bbox 549 2553 608 2614; x_wconf 88' lang='lat' dir='ltr'>hoc</span> <span class='ocrx_word' id='word_1_132' title='bbox 621 2554 764 2614; x_wconf 79' lang='lat' dir='ltr'>lnborum</span> <span class='ocrx_word' id='word_1_133' title='bbox 776 2571 887 2631; x_wconf 84' lang='lat' dir='ltr'>genere</span> <span class='ocrx_word' id='word_1_134' title='bbox 897 2551 1080 2612; x_wconf 73' lang='lat' dir='ltr'>missionem</span> <span class='ocrx_word' id='word_1_135' title='bbox 1094 2551 1224 2629; x_wconf 70' lang='lat' dir='ltr'>flagitet.</span> <span class='ocrx_word' id='word_1_136' title='bbox 1266 2551 1365 2613; x_wconf 83' lang='lat' dir='ltr'>Vobis</span> <span class='ocrx_word' id='word_1_137' title='bbox 1375 2552 1494 2614; x_wconf 89' lang='lat' dir='ltr'>iuueni·</span> <span class='ocrx_word' id='word_1_138' title='bbox 1507 2575 1538 2612; x_wconf 88' lang='grc' dir='ltr'>ιο</span> 
     </span>
     <span class='ocr_line' id='line_1_19' title="bbox 298 2648 1045 2728; baseline 0.003 -21"><span class='ocrx_word' id='word_1_139' title='bbox 298 2648 357 2709; x_wconf 88' lang='lat' dir='ltr'>bus</span> <span class='ocrx_word' id='word_1_140' title='bbox 370 2652 464 2728; x_wconf 85' lang='lat' dir='ltr'>etque</span> <span class='ocrx_word' id='word_1_141' title='bbox 477 2650 573 2710; x_wconf 77' lang='lat' dir='ltr'>etism</span> <span class='ocrx_word' id='word_1_142' title='bbox 586 2650 778 2712; x_wconf 82' lang='lat' dir='ltr'>felicioribus</span> <span class='ocrx_word' id='word_1_143' title='bbox 791 2649 878 2711; x_wconf 73' lang='lat' dir='ltr'>trudo</span> <span class='ocrx_word' id='word_1_144' title='bbox 891 2649 1045 2727; x_wconf 72' lang='lat' dir='ltr'>lampedo.</span> 
     </span>
    </p>

    <p class='ocr_par' dir='ltr' id='par_1_9' title="bbox 294 2746 1536 3611">
     <span class='ocr_line' id='line_1_20' title="bbox 336 2746 1493 2827; baseline 0 -20"><span class='ocrx_word' id='word_1_145' title='bbox 336 2746 481 2808; x_wconf 89' lang='lat' dir='ltr'>Brunoni</span> <span class='ocrx_word' id='word_1_146' title='bbox 490 2748 586 2809; x_wconf 82' lang='lat' dir='ltr'>dicito</span> <span class='ocrx_word' id='word_1_147' title='bbox 595 2753 631 2811; x_wconf 86' lang='lat' dir='ltr'>rt</span> <span class='ocrx_word' id='word_1_148' title='bbox 641 2769 769 2810; x_wconf 89' lang='lat' dir='ltr'>omnem</span> <span class='ocrx_word' id='word_1_149' title='bbox 779 2749 961 2826; x_wconf 88' lang='lat' dir='ltr'>scrupulum</span> <span class='ocrx_word' id='word_1_150' title='bbox 973 2746 1073 2809; x_wconf 77' lang='lat' dir='ltr'>eiiciet</span> <span class='ocrx_word' id='word_1_151' title='bbox 1083 2767 1121 2807; x_wconf 86' lang='lat' dir='ltr'>ex</span> <span class='ocrx_word' id='word_1_152' title='bbox 1131 2748 1237 2808; x_wconf 81' lang='lat' dir='ltr'>animo</span> <span class='ocrx_word' id='word_1_153' title='bbox 1248 2747 1286 2809; x_wconf 93' lang='lat' dir='ltr'>de</span> <span class='ocrx_word' id='word_1_154' title='bbox 1296 2747 1493 2827; x_wconf 74' lang='lat' dir='ltr'>Hieronymo</span> 
     </span>
     <span class='ocr_line' id='line_1_21' title="bbox 297 2844 1493 2924; baseline 0.001 -19"><span class='ocrx_word' id='word_1_155' title='bbox 297 2864 405 2905; x_wconf 86' lang='lat' dir='ltr'>rursus</span> <span class='ocrx_word' id='word_1_156' title='bbox 422 2846 568 2908; x_wconf 79' lang='lat' dir='ltr'>sedendo.</span> <span class='ocrx_word' id='word_1_157' title='bbox 613 2848 709 2910; x_wconf 76' lang='lat' dir='ltr'>Orode</span> <span class='ocrx_word' id='word_1_158' title='bbox 724 2846 813 2920; x_wconf 86' lang='lat' dir='ltr'>mihi,</span> <span class='ocrx_word' id='word_1_159' title='bbox 828 2845 990 2906; x_wconf 88' lang='lat' dir='ltr'>somnium</span> <span class='ocrx_word' id='word_1_160' title='bbox 1007 2844 1153 2923; x_wconf 86' lang='lat' dir='ltr'>estquod</span> <span class='ocrx_word' id='word_1_161' title='bbox 1170 2845 1226 2905; x_wconf 92' lang='lat' dir='ltr'>ille</span> <span class='ocrx_word' id='word_1_162' title='bbox 1243 2847 1378 2919; x_wconf 88' lang='lat' dir='ltr'>metuit;</span> <span class='ocrx_word' id='word_1_163' title='bbox 1399 2864 1493 2924; x_wconf 82' lang='lat' dir='ltr'>quen·</span> 
     </span>
     <span class='ocr_line' id='line_1_22' title="bbox 295 2941 1492 3023; baseline 0 -19"><span class='ocrx_word' id='word_1_164' title='bbox 295 2963 390 3020; x_wconf 69' lang='lat' dir='ltr'>quom</span> <span class='ocrx_word' id='word_1_165' title='bbox 404 2943 461 3005; x_wconf 79' lang='lat' dir='ltr'>huc</span> <span class='ocrx_word' id='word_1_166' title='bbox 475 2944 514 3005; x_wconf 93' lang='lat' dir='ltr'>de</span> <span class='ocrx_word' id='word_1_167' title='bbox 527 2965 561 3005; x_wconf 89' lang='lat' dir='ltr'>re</span> <span class='ocrx_word' id='word_1_168' title='bbox 575 2946 758 3023; x_wconf 84' lang='lat' dir='ltr'>scripsimus</span> <span class='ocrx_word' id='word_1_169' title='bbox 772 2949 803 3005; x_wconf 89' lang='lat' dir='ltr'>et</span> <span class='ocrx_word' id='word_1_170' title='bbox 817 2943 874 3004; x_wconf 80' lang='lat' dir='ltr'>illi</span> <span class='ocrx_word' id='word_1_171' title='bbox 918 2941 1023 3003; x_wconf 87' lang='lat' dir='ltr'>Adero</span> <span class='ocrx_word' id='word_1_172' title='bbox 1033 2943 1091 3003; x_wconf 84' lang='lat' dir='ltr'>hec</span> <span class='ocrx_word' id='word_1_173' title='bbox 1104 2946 1203 3004; x_wconf 76' lang='lat' dir='ltr'>estete</span> <span class='ocrx_word' id='word_1_174' title='bbox 1211 2943 1354 3005; x_wconf 78' lang='lat' dir='ltr'>editurus</span> <span class='ocrx_word' id='word_1_175' title='bbox 1364 2943 1492 3005; x_wconf 84' lang='lat' dir='ltr'>Nouum</span> 
     </span>
     <span class='ocr_line' id='line_1_23' title="bbox 296 3040 1535 3118; baseline -0.001 -17"><span class='ocrx_word' id='word_1_176' title='bbox 296 3040 583 3117; x_wconf 51' lang='lat' dir='ltr'>Testamentum&amp;</span> <span class='ocrx_word' id='word_1_177' title='bbox 596 3045 688 3104; x_wconf 95' lang='lat' dir='ltr'>modo</span> <span class='ocrx_word' id='word_1_178' title='bbox 701 3043 808 3103; x_wconf 88' lang='lat' dir='ltr'>licebit</span> <span class='ocrx_word' id='word_1_179' title='bbox 822 3044 891 3102; x_wconf 89' lang='lat' dir='ltr'>tuto</span> <span class='ocrx_word' id='word_1_180' title='bbox 904 3042 1028 3118; x_wconf 80' lang='lat' dir='ltr'>ingredi</span> <span class='ocrx_word' id='word_1_181' title='bbox 1042 3041 1243 3102; x_wconf 76' lang='lat' dir='ltr'>Germaniam</span> <span class='ocrx_word' id='word_1_182' title='bbox 1258 3063 1266 3115; x_wconf 87' lang='lat'>3</span> <span class='ocrx_word' id='word_1_183' title='bbox 1287 3042 1376 3102; x_wconf 89' lang='lat' dir='ltr'>cuius</span> <span class='ocrx_word' id='word_1_184' title='bbox 1389 3041 1492 3102; x_wconf 85' lang='lat' dir='ltr'>condi·</span> <span class='ocrx_word' id='word_1_185' title='bbox 1507 3062 1535 3111; x_wconf 84' lang='lat'>¹⁵</span> 
     </span>
     <span class='ocr_line' id='line_1_24' title="bbox 295 3138 1492 3220; baseline 0.002 -22"><span class='ocrx_word' id='word_1_186' title='bbox 295 3138 413 3200; x_wconf 85' lang='lat' dir='ltr'>tionem</span> <span class='ocrx_word' id='word_1_187' title='bbox 434 3140 495 3202; x_wconf 82' lang='lat' dir='ltr'>iste</span> <span class='ocrx_word' id='word_1_188' title='bbox 514 3141 676 3203; x_wconf 82' lang='lat' dir='ltr'>latrocinia</span> <span class='ocrx_word' id='word_1_189' title='bbox 694 3142 832 3220; x_wconf 89' lang='lat' dir='ltr'>peiorem</span> <span class='ocrx_word' id='word_1_190' title='bbox 845 3139 982 3200; x_wconf 88' lang='lat' dir='ltr'>reddunt</span> <span class='ocrx_word' id='word_1_191' title='bbox 995 3140 1073 3216; x_wconf 90' lang='lat' dir='ltr'>ipsis</span> <span class='ocrx_word' id='word_1_192' title='bbox 1085 3140 1181 3200; x_wconf 79' lang='lat' dir='ltr'>etism</span> <span class='ocrx_word' id='word_1_193' title='bbox 1198 3138 1318 3213; x_wconf 80' lang='lat' dir='ltr'>inferis,</span> <span class='ocrx_word' id='word_1_194' title='bbox 1331 3140 1421 3200; x_wconf 91' lang='lat' dir='ltr'>cuius</span> <span class='ocrx_word' id='word_1_195' title='bbox 1434 3160 1492 3200; x_wconf 88' lang='lat' dir='ltr'>nec</span> 
     </span>
     <span class='ocr_line' id='line_1_25' title="bbox 294 3236 1491 3316; baseline -0.001 -19"><span class='ocrx_word' id='word_1_196' title='bbox 294 3236 398 3297; x_wconf 74' lang='lat' dir='ltr'>editus</span> <span class='ocrx_word' id='word_1_197' title='bbox 411 3239 454 3298; x_wconf 87' lang='lat' dir='ltr'>sit</span> <span class='ocrx_word' id='word_1_198' title='bbox 467 3238 569 3300; x_wconf 76' lang='lat' dir='ltr'>facilis</span> <span class='ocrx_word' id='word_1_199' title='bbox 582 3260 639 3301; x_wconf 93' lang='lat' dir='ltr'>nec</span> <span class='ocrx_word' id='word_1_200' title='bbox 653 3241 763 3301; x_wconf 86' lang='lat' dir='ltr'>exitus.</span> <span class='ocrx_word' id='word_1_201' title='bbox 808 3240 911 3299; x_wconf 88' lang='lat' dir='ltr'>Deum</span> <span class='ocrx_word' id='word_1_202' title='bbox 927 3238 1150 3311; x_wconf 71' lang='lat' dir='ltr'>immortalem,</span> <span class='ocrx_word' id='word_1_203' title='bbox 1163 3256 1241 3314; x_wconf 80' lang='lat' dir='ltr'>quoe</span> <span class='ocrx_word' id='word_1_204' title='bbox 1255 3238 1383 3314; x_wconf 81' lang='grc' dir='ltr'>δράματα</span> <span class='ocrx_word' id='word_1_205' title='bbox 1392 3240 1491 3316; x_wconf 81' lang='lat' dir='ltr'>egunt</span> 
     </span>
     <span class='ocr_line' id='line_1_26' title="bbox 294 3332 1490 3415; baseline 0.001 -21"><span class='ocrx_word' id='word_1_206' title='bbox 294 3335 471 3415; x_wconf 86' lang='lat' dir='ltr'>principes!</span> <span class='ocrx_word' id='word_1_207' title='bbox 513 3337 646 3399; x_wconf 91' lang='lat' dir='ltr'>Prorsus</span> <span class='ocrx_word' id='word_1_208' title='bbox 664 3339 807 3399; x_wconf 80' lang='lat' dir='ltr'>sublatus</span> <span class='ocrx_word' id='word_1_209' title='bbox 821 3339 868 3397; x_wconf 87' lang='lat' dir='ltr'>est</span> <span class='ocrx_word' id='word_1_210' title='bbox 881 3356 898 3395; x_wconf 93' lang='lat' dir='ltr'>e</span> <span class='ocrx_word' id='word_1_211' title='bbox 911 3334 1006 3395; x_wconf 89' lang='lat' dir='ltr'>rebus</span> <span class='ocrx_word' id='word_1_212' title='bbox 1018 3334 1167 3395; x_wconf 84' lang='lat' dir='ltr'>humenis</span> <span class='ocrx_word' id='word_1_213' title='bbox 1183 3333 1290 3411; x_wconf 92' lang='lat' dir='ltr'>pudor.</span> <span class='ocrx_word' id='word_1_214' title='bbox 1334 3332 1386 3394; x_wconf 85' lang='lat' dir='ltr'>Ad</span> <span class='ocrx_word' id='word_1_215' title='bbox 1406 3354 1490 3395; x_wconf 90' lang='lat' dir='ltr'>sum·</span> 
     </span>
     <span class='ocr_line' id='line_1_27' title="bbox 295 3432 1490 3513; baseline -0.001 -20"><span class='ocrx_word' id='word_1_216' title='bbox 295 3452 384 3494; x_wconf 91' lang='lat' dir='ltr'>mum</span> <span class='ocrx_word' id='word_1_217' title='bbox 405 3438 535 3495; x_wconf 86' lang='lat' dir='ltr'>ventum</span> <span class='ocrx_word' id='word_1_218' title='bbox 553 3456 620 3496; x_wconf 87' lang='lat' dir='ltr'>esse</span> <span class='ocrx_word' id='word_1_219' title='bbox 641 3437 732 3497; x_wconf 86' lang='lat' dir='ltr'>rideo</span> <span class='ocrx_word' id='word_1_220' title='bbox 753 3433 937 3513; x_wconf 79' lang='lat' dir='ltr'>tyrannidis</span> <span class='ocrx_word' id='word_1_221' title='bbox 989 3432 1136 3492; x_wconf 82' lang='lat' dir='ltr'>Pontifex</span> <span class='ocrx_word' id='word_1_222' title='bbox 1156 3452 1191 3492; x_wconf 84' lang='lat' dir='ltr'>sc</span> <span class='ocrx_word' id='word_1_223' title='bbox 1216 3432 1315 3509; x_wconf 83' lang='lat' dir='ltr'>Reges</span> <span class='ocrx_word' id='word_1_224' title='bbox 1339 3432 1490 3508; x_wconf 93' lang='lat' dir='ltr'>populum</span> 
     </span>
     <span class='ocr_line' id='line_1_28' title="bbox 295 3529 1536 3611; baseline -0.002 -21"><span class='ocrx_word' id='word_1_225' title='bbox 295 3549 360 3591; x_wconf 92' lang='lat' dir='ltr'>non</span> <span class='ocrx_word' id='word_1_226' title='bbox 372 3551 428 3609; x_wconf 93' lang='lat' dir='ltr'>pro</span> <span class='ocrx_word' id='word_1_227' title='bbox 442 3533 626 3594; x_wconf 91' lang='lat' dir='ltr'>hominibus</span> <span class='ocrx_word' id='word_1_228' title='bbox 638 3534 693 3594; x_wconf 90' lang='lat' dir='ltr'>sed</span> <span class='ocrx_word' id='word_1_229' title='bbox 707 3554 763 3611; x_wconf 94' lang='lat' dir='ltr'>pro</span> <span class='ocrx_word' id='word_1_230' title='bbox 777 3529 947 3610; x_wconf 90' lang='lat' dir='ltr'>pecudibus</span> <span class='ocrx_word' id='word_1_231' title='bbox 960 3529 1117 3606; x_wconf 89' lang='lat' dir='ltr'>empticiis</span> <span class='ocrx_word' id='word_1_232' title='bbox 1130 3529 1258 3591; x_wconf 83' lang='lat' dir='ltr'>hebent.</span> <span class='ocrx_word' id='word_1_233' title='bbox 1504 3551 1536 3589; x_wconf 77' lang='grc' dir='ltr'>ιι</span> 
     </span>
    </p>

    <p class='ocr_par' dir='ltr' id='par_1_10' title="bbox 291 3627 1533 4395">
     <span class='ocr_line' id='line_1_29' title="bbox 336 3627 1487 3693; baseline -0.001 -4"><span class='ocrx_word' id='word_1_234' title='bbox 336 3628 436 3690; x_wconf 76' lang='lat' dir='ltr'>Faber</span> <span class='ocrx_word' id='word_1_235' title='bbox 460 3630 543 3690; x_wconf 90' lang='lat' dir='ltr'>nihil</span> <span class='ocrx_word' id='word_1_236' title='bbox 570 3634 700 3693; x_wconf 89' lang='lat' dir='ltr'>omnino</span> <span class='ocrx_word' id='word_1_237' title='bbox 726 3630 842 3691; x_wconf 81' lang='lat' dir='ltr'>scribit</span> <span class='ocrx_word' id='word_1_238' title='bbox 894 3628 947 3688; x_wconf 84' lang='lat' dir='ltr'>Ab</span> <span class='ocrx_word' id='word_1_239' title='bbox 975 3648 1011 3687; x_wconf 93' lang='lat' dir='ltr'>eo</span> <span class='ocrx_word' id='word_1_240' title='bbox 1039 3627 1162 3688; x_wconf 79' lang='lat' dir='ltr'>diuersa</span> <span class='ocrx_word' id='word_1_241' title='bbox 1188 3628 1270 3688; x_wconf 88' lang='lat' dir='ltr'>mihi</span> <span class='ocrx_word' id='word_1_242' title='bbox 1300 3628 1487 3688; x_wconf 84' lang='lat' dir='ltr'>referuntur.</span> 
     </span>
     <span class='ocr_line' id='line_1_30' title="bbox 294 3725 1489 3803; baseline -0.001 -16"><span class='ocrx_word' id='word_1_243' title='bbox 294 3727 430 3802; x_wconf 78' lang='lat' dir='ltr'>Quidem</span> <span class='ocrx_word' id='word_1_244' title='bbox 450 3729 541 3789; x_wconf 78' lang='lat' dir='ltr'>siunt</span> <span class='ocrx_word' id='word_1_245' title='bbox 561 3729 668 3790; x_wconf 91' lang='lat' dir='ltr'>moliri</span> <span class='ocrx_word' id='word_1_246' title='bbox 688 3729 910 3801; x_wconf 82' lang='lat' dir='ltr'>defensionem,</span> <span class='ocrx_word' id='word_1_247' title='bbox 938 3725 1066 3803; x_wconf 79' lang='lat' dir='ltr'>quidam</span> <span class='ocrx_word' id='word_1_248' title='bbox 1090 3730 1213 3803; x_wconf 79' lang='lat' dir='ltr'>negent.</span> <span class='ocrx_word' id='word_1_249' title='bbox 1258 3726 1293 3786; x_wconf 93' lang='lat' dir='ltr'>Is</span> <span class='ocrx_word' id='word_1_250' title='bbox 1317 3745 1489 3803; x_wconf 88' lang='lat' dir='ltr'>perquem</span> 
     </span>
     <span class='ocr_line' id='line_1_31' title="bbox 293 3822 1490 3905; baseline -0.001 -19"><span class='ocrx_word' id='word_1_251' title='bbox 293 3824 443 3886; x_wconf 81' lang='lat' dir='ltr'>miserum</span> <span class='ocrx_word' id='word_1_252' title='bbox 467 3827 653 3905; x_wconf 81' lang='lat' dir='ltr'>Apologiem</span> <span class='ocrx_word' id='word_1_253' title='bbox 678 3848 751 3887; x_wconf 88' lang='lat' dir='ltr'>cum</span> <span class='ocrx_word' id='word_1_254' title='bbox 775 3824 891 3885; x_wconf 86' lang='lat' dir='ltr'>litteris</span> <span class='ocrx_word' id='word_1_255' title='bbox 911 3824 999 3897; x_wconf 81' lang='lat' dir='ltr'>meis,</span> <span class='ocrx_word' id='word_1_256' title='bbox 1024 3824 1068 3883; x_wconf 81' lang='lat' dir='ltr'>ite</span> <span class='ocrx_word' id='word_1_257' title='bbox 1091 3823 1217 3900; x_wconf 81' lang='lat' dir='ltr'>scripsit</span> <span class='ocrx_word' id='word_1_258' title='bbox 1240 3822 1365 3883; x_wconf 81' lang='lat' dir='ltr'>cuidam</span> <span class='ocrx_word' id='word_1_259' title='bbox 1389 3824 1490 3885; x_wconf 83' lang='lat' dir='ltr'>amico</span> 
     </span>
     <span class='ocr_line' id='line_1_32' title="bbox 292 3920 1488 4001; baseline -0.001 -19"><span class='ocrx_word' id='word_1_260' title='bbox 292 3941 358 3994; x_wconf 88' lang='lat' dir='ltr'>suo,</span> <span class='ocrx_word' id='word_1_261' title='bbox 382 3924 436 4001; x_wconf 91' lang='lat' dir='ltr'>qui</span> <span class='ocrx_word' id='word_1_262' title='bbox 458 3924 538 3984; x_wconf 93' lang='lat' dir='ltr'>mihi</span> <span class='ocrx_word' id='word_1_263' title='bbox 559 3924 722 4001; x_wconf 78' lang='lat' dir='ltr'>legendam</span> <span class='ocrx_word' id='word_1_264' title='bbox 748 3921 913 4001; x_wconf 84' lang='lat' dir='ltr'>epistolem</span> <span class='ocrx_word' id='word_1_265' title='bbox 933 3921 1093 3982; x_wconf 84' lang='lat' dir='ltr'>exhibuit:</span> <span class='ocrx_word' id='word_1_266' title='bbox 1125 3920 1280 3982; x_wconf 86' lang='lat' dir='ltr'>‘Reddidi</span> <span class='ocrx_word' id='word_1_267' title='bbox 1301 3922 1488 4001; x_wconf 81' lang='lat' dir='ltr'>Apologism</span> 
     </span>
     <span class='ocr_line' id='line_1_33' title="bbox 293 4019 1533 4101; baseline 0 -21"><span class='ocrx_word' id='word_1_268' title='bbox 293 4019 394 4082; x_wconf 65' lang='lat' dir='ltr'>rubro</span> <span class='ocrx_word' id='word_1_269' title='bbox 418 4041 480 4083; x_wconf 80' lang='lat' dir='ltr'>rna</span> <span class='ocrx_word' id='word_1_270' title='bbox 503 4043 576 4083; x_wconf 92' lang='lat' dir='ltr'>cum</span> <span class='ocrx_word' id='word_1_271' title='bbox 600 4023 724 4084; x_wconf 89' lang='lat' dir='ltr'>litteris.</span> <span class='ocrx_word' id='word_1_272' title='bbox 776 4021 837 4082; x_wconf 93' lang='lat' dir='ltr'>Ille</span> <span class='ocrx_word' id='word_1_273' title='bbox 860 4019 943 4099; x_wconf 84' lang='lat' dir='ltr'>spud</span> <span class='ocrx_word' id='word_1_274' title='bbox 965 4040 1070 4081; x_wconf 81' lang='lat' dir='ltr'>meam</span> <span class='ocrx_word' id='word_1_275' title='bbox 1094 4040 1261 4099; x_wconf 80' lang='lat' dir='ltr'>personum</span> <span class='ocrx_word' id='word_1_276' title='bbox 1285 4022 1362 4082; x_wconf 80' lang='lat' dir='ltr'>sotis</span> <span class='ocrx_word' id='word_1_277' title='bbox 1386 4022 1489 4101; x_wconf 80' lang='lat' dir='ltr'>arguit</span> <span class='ocrx_word' id='word_1_278' title='bbox 1503 4043 1533 4097; x_wconf 74' lang='lat'>²5</span> 
     </span>
     <span class='ocr_line' id='line_1_34' title="bbox 292 4117 1489 4197; baseline 0.003 -20"><span class='ocrx_word' id='word_1_279' title='bbox 292 4117 416 4179; x_wconf 75' lang='lat' dir='ltr'>Erssmi</span> <span class='ocrx_word' id='word_1_280' title='bbox 426 4119 604 4195; x_wconf 76' lang='lat' dir='ltr'>leuitatem3</span> <span class='ocrx_word' id='word_1_281' title='bbox 626 4122 678 4180; x_wconf 90' lang='lat' dir='ltr'>sed</span> <span class='ocrx_word' id='word_1_282' title='bbox 694 4140 758 4181; x_wconf 92' lang='lat' dir='ltr'>non</span> <span class='ocrx_word' id='word_1_283' title='bbox 772 4122 912 4197; x_wconf 81' lang='lat' dir='ltr'>expectet</span> <span class='ocrx_word' id='word_1_284' title='bbox 923 4118 1232 4179; x_wconf 83' lang='lat' dir='ltr'>recriminetionem.’</span> <span class='ocrx_word' id='word_1_285' title='bbox 1277 4118 1349 4180; x_wconf 84' lang='lat' dir='ltr'>Non</span> <span class='ocrx_word' id='word_1_286' title='bbox 1359 4139 1489 4197; x_wconf 90' lang='lat' dir='ltr'>possum</span> 
     </span>
     <span class='ocr_line' id='line_1_35' title="bbox 291 4216 1488 4295; baseline 0.002 -19"><span class='ocrx_word' id='word_1_287' title='bbox 291 4216 368 4276; x_wconf 76' lang='lat' dir='ltr'>sutis</span> <span class='ocrx_word' id='word_1_288' title='bbox 384 4216 532 4278; x_wconf 81' lang='lat' dir='ltr'>admirari</span> <span class='ocrx_word' id='word_1_289' title='bbox 549 4219 624 4295; x_wconf 85' lang='lat' dir='ltr'>quid</span> <span class='ocrx_word' id='word_1_290' title='bbox 642 4218 789 4279; x_wconf 85' lang='lat' dir='ltr'>acciderit</span> <span class='ocrx_word' id='word_1_291' title='bbox 807 4217 940 4289; x_wconf 89' lang='lat' dir='ltr'>homini,</span> <span class='ocrx_word' id='word_1_292' title='bbox 961 4218 1024 4277; x_wconf 88' lang='lat' dir='ltr'>nisi</span> <span class='ocrx_word' id='word_1_293' title='bbox 1043 4217 1103 4277; x_wconf 91' lang='lat' dir='ltr'>sub</span> <span class='ocrx_word' id='word_1_294' title='bbox 1123 4216 1179 4277; x_wconf 85' lang='lat' dir='ltr'>ille</span> <span class='ocrx_word' id='word_1_295' title='bbox 1198 4217 1300 4294; x_wconf 90' lang='lat' dir='ltr'>specie</span> <span class='ocrx_word' id='word_1_296' title='bbox 1319 4218 1488 4279; x_wconf 78' lang='lat' dir='ltr'>modestiae</span> 
     </span>
     <span class='ocr_line' id='line_1_36' title="bbox 293 4313 1204 4395; baseline 0 -22"><span class='ocrx_word' id='word_1_297' title='bbox 293 4314 365 4391; x_wconf 83' lang='lat' dir='ltr'>(et)</span> <span class='ocrx_word' id='word_1_298' title='bbox 381 4313 522 4375; x_wconf 79' lang='lat' dir='ltr'>lenitatis</span> <span class='ocrx_word' id='word_1_299' title='bbox 536 4314 613 4376; x_wconf 77' lang='lat' dir='ltr'>latet</span> <span class='ocrx_word' id='word_1_300' title='bbox 627 4316 751 4395; x_wconf 80' lang='lat' dir='ltr'>aliquod</span> <span class='ocrx_word' id='word_1_301' title='bbox 766 4319 895 4376; x_wconf 81' lang='lat' dir='ltr'>naturus</span> <span class='ocrx_word' id='word_1_302' title='bbox 909 4335 1074 4376; x_wconf 87' lang='lat' dir='ltr'>venenum.</span> <span class='ocrx_word' id='word_1_303' title='bbox 1117 4314 1204 4375; x_wconf 77' lang='lat' dir='ltr'>Vale.</span> 
     </span>
    </p>

    <p class='ocr_par' dir='ltr' id='par_1_11' title="bbox 333 4412 796 4492">
     <span class='ocr_line' id='line_1_37' title="bbox 333 4412 796 4492; baseline 0 -19"><span class='ocrx_word' id='word_1_304' title='bbox 333 4412 465 4473; x_wconf 78' lang='lat' dir='ltr'>Lousnii</span> <span class='ocrx_word' id='word_1_305' title='bbox 478 4414 627 4490; x_wconf 79' lang='lat' dir='ltr'>postridie</span> <span class='ocrx_word' id='word_1_306' title='bbox 647 4415 796 4492; x_wconf 82' lang='lat' dir='ltr'>Gregorii.</span> 
     </span>
    </p>
   </div>
   <div class='ocr_carea' id='block_1_8' title="bbox 325 4578 1486 4641">
    <p class='ocr_par' dir='ltr' id='par_1_12' title="bbox 325 4578 1486 4641">
     <span class='ocr_line' id='line_1_38' title="bbox 325 4578 1486 4641; baseline 0.005 -17"><span class='ocrx_word' id='word_1_307' title='bbox 325 4578 382 4626; x_wconf 78' lang='grc'><strong>796.</strong></span> <span class='ocrx_word' id='word_1_308' title='bbox 400 4592 423 4626; x_wconf 89' lang='lat'>2.</span> <span class='ocrx_word' id='word_1_309' title='bbox 441 4592 504 4639; x_wconf 66' lang='lat' dir='ltr'>one</span> <span class='ocrx_word' id='word_1_310' title='bbox 512 4585 565 4637; x_wconf 82' lang='lat' dir='ltr'>post</span> <span class='ocrx_word' id='word_1_311' title='bbox 575 4580 665 4640; x_wconf 81' lang='lat' dir='ltr'>pigeat</span> <span class='ocrx_word' id='word_1_312' title='bbox 676 4582 725 4627; x_wconf 68' lang='grc' dir='ltr'>ΕΒ.</span> <span class='ocrx_word' id='word_1_313' title='bbox 791 4581 831 4628; x_wconf 87' lang='lat'>26.</span> <span class='ocrx_word' id='word_1_314' title='bbox 848 4582 987 4641; x_wconf 67' lang='lat' dir='ltr'>exspectet</span> <span class='ocrx_word' id='word_1_315' title='bbox 998 4582 1048 4640; x_wconf 77' lang='lat' dir='ltr'>LB,</span> <span class='ocrx_word' id='word_1_316' title='bbox 1060 4593 1189 4637; x_wconf 67' lang='lat' dir='ltr'>perperam</span> <span class='ocrx_word' id='word_1_317' title='bbox 1270 4578 1311 4627; x_wconf 81' lang='lat'>28.</span> <span class='ocrx_word' id='word_1_318' title='bbox 1328 4580 1356 4626; x_wconf 87' lang='lat' dir='ltr'>et</span> <span class='ocrx_word' id='word_1_319' title='bbox 1367 4581 1424 4627; x_wconf 79' lang='lat' dir='ltr'>odd.</span> <span class='ocrx_word' id='word_1_320' title='bbox 1438 4581 1486 4630; x_wconf 75' lang='lat' dir='ltr'>LB.</span> 
     </span>
    </p>
   </div>
   <div class='ocr_carea' id='block_1_9' title="bbox 313 4710 1385 4839">
    <p class='ocr_par' dir='ltr' id='par_1_13' title="bbox 313 4674 1385 4839">
     <span class='ocr_line' id='line_1_39' title="bbox 313 4710 1204 4774; baseline 0.002 -16"><span class='ocrx_word' id='word_1_321' title='bbox 313 4713 369 4760; x_wconf 74' lang='lat'>795.</span> <span class='ocrx_word' id='word_1_322' title='bbox 386 4713 423 4761; x_wconf 79' lang='grc' dir='ltr'>ιθ.</span> <span class='ocrx_word' id='word_1_323' title='bbox 437 4710 613 4774; x_wconf 76' lang='lat' dir='ltr'>compatrem]</span> <span class='ocrx_word' id='word_1_324' title='bbox 621 4710 661 4759; x_wconf 83' lang='lat' dir='ltr'>cf.</span> <span class='ocrx_word' id='word_1_325' title='bbox 670 4711 780 4772; x_wconf 67' lang='lat' dir='ltr'>quro</span> <span class='ocrx_word' id='word_1_326' title='bbox 793 4725 860 4771; x_wconf 89' lang='lat' dir='ltr'>19n.</span> <span class='ocrx_word' id='word_1_327' title='bbox 944 4726 969 4772; x_wconf 77' lang='lat'>5.</span> <span class='ocrx_word' id='word_1_328' title='bbox 987 4710 1073 4773; x_wconf 85' lang='lat' dir='ltr'>lloro]</span> <span class='ocrx_word' id='word_1_329' title='bbox 1086 4711 1134 4772; x_wconf 82' lang='lat' dir='ltr'>Ep.</span> <span class='ocrx_word' id='word_1_330' title='bbox 1149 4712 1204 4771; x_wconf 78' lang='lat'><strong>776.</strong></span> 
     </span>
     <span class='ocr_line' id='line_1_40' title="bbox 318 4775 1385 4839; baseline 0.001 -15"><span class='ocrx_word' id='word_1_331' title='bbox 318 4778 375 4826; x_wconf 75' lang='grc'>796.</span> <span class='ocrx_word' id='word_1_332' title='bbox 395 4792 418 4826; x_wconf 92' lang='grc' dir='ltr'>ι.</span> <span class='ocrx_word' id='word_1_333' title='bbox 436 4777 544 4839; x_wconf 76' lang='lat' dir='ltr'>Pecsei]</span> <span class='ocrx_word' id='word_1_334' title='bbox 556 4775 596 4825; x_wconf 77' lang='lat' dir='ltr'>Cf.</span> <span class='ocrx_word' id='word_1_335' title='bbox 608 4776 656 4837; x_wconf 81' lang='lat' dir='ltr'>Ep.</span> <span class='ocrx_word' id='word_1_336' title='bbox 669 4790 725 4837; x_wconf 81' lang='lat'>732.</span> <span class='ocrx_word' id='word_1_337' title='bbox 738 4791 771 4837; x_wconf 86' lang='lat'>53</span> <span class='ocrx_word' id='word_1_338' title='bbox 784 4792 812 4824; x_wconf 90' lang='lat' dir='ltr'>n.</span> <span class='ocrx_word' id='word_1_339' title='bbox 946 4792 969 4837; x_wconf 84' lang='lat'>7.</span> <span class='ocrx_word' id='word_1_340' title='bbox 987 4776 1127 4838; x_wconf 75' lang='lat' dir='ltr'>Frobenii]</span> <span class='ocrx_word' id='word_1_341' title='bbox 1139 4777 1189 4826; x_wconf 82' lang='lat' dir='ltr'>See</span> <span class='ocrx_word' id='word_1_342' title='bbox 1202 4777 1250 4839; x_wconf 84' lang='lat' dir='ltr'>Ep.</span> <span class='ocrx_word' id='word_1_343' title='bbox 1264 4790 1320 4838; x_wconf 79' lang='lat'>795.</span> <span class='ocrx_word' id='word_1_344' title='bbox 1335 4792 1385 4825; x_wconf 89' lang='lat' dir='ltr'>ru.</span> 
     </span>
    </p>
   </div>
   <div class='ocr_carea' id='block_1_10' title="bbox 290 4840 1486 5037">
    <p class='ocr_par' dir='ltr' id='par_1_14' title="bbox 290 4840 1486 5037">
     <span class='ocr_line' id='line_1_41' title="bbox 322 4840 1486 4956; baseline 0.001 -65"><span class='ocrx_word' id='word_1_345' title='bbox 322 4858 348 4893; x_wconf 91' lang='lat'>2.</span> <span class='ocrx_word' id='word_1_346' title='bbox 363 4840 506 4920; x_wconf 52' lang='lat' dir='ltr'>‘Aftpuaefq</span> <span class='ocrx_word' id='word_1_347' title='bbox 530 4846 609 4901; x_wconf 67' lang='lat' dir='ltr'>Adae.</span> <span class='ocrx_word' id='word_1_348' title='bbox 635 4843 695 4918; x_wconf 67' lang='lat' dir='ltr'>ligo.</span> <span class='ocrx_word' id='word_1_349' title='bbox 747 4842 797 4890; x_wconf 83' lang='lat' dir='ltr'>‘In</span> <span class='ocrx_word' id='word_1_350' title='bbox 818 4856 863 4890; x_wconf 81' lang='lat' dir='ltr'>eos</span> <span class='ocrx_word' id='word_1_351' title='bbox 948 4856 985 4890; x_wconf 92' lang='lat'>12.</span> <span class='ocrx_word' id='word_1_352' title='bbox 1004 4842 1038 4890; x_wconf 89' lang='lat' dir='ltr'>de</span> <span class='ocrx_word' id='word_1_353' title='bbox 1049 4840 1230 4956; x_wconf 39' lang='lat' dir='ltr'>Hieronymo&amp;</span> <span class='ocrx_word' id='word_1_354' title='bbox 1246 4842 1286 4891; x_wconf 77' lang='lat' dir='ltr'>(ll.</span> <span class='ocrx_word' id='word_1_355' title='bbox 1300 4841 1351 4904; x_wconf 85' lang='lat' dir='ltr'>Ep.</span> <span class='ocrx_word' id='word_1_356' title='bbox 1362 4843 1419 4920; x_wconf 75' lang='lat' dir='ltr'>dos.</span> <span class='ocrx_word' id='word_1_357' title='bbox 1432 4844 1486 4892; x_wconf 86' lang='lat' dir='ltr'>8n.</span> 
     </span>
     <span class='ocr_line' id='line_1_42' title="bbox 290 4906 1486 4971; baseline 0.002 -14"><span class='ocrx_word' id='word_1_358' title='bbox 290 4911 419 4971; x_wconf 71' lang='lat' dir='ltr'>competit</span> <span class='ocrx_word' id='word_1_359' title='bbox 435 4922 501 4969; x_wconf 83' lang='lat' dir='ltr'>qur.</span> <span class='ocrx_word' id='word_1_360' title='bbox 514 4946 519 4956; x_wconf 93' lang='lat'><em>.</em></span> <span class='ocrx_word' id='word_1_361' title='bbox 533 4944 539 4956; x_wconf 93' lang='lat'><strong>.</strong></span> <span class='ocrx_word' id='word_1_362' title='bbox 551 4907 701 4969; x_wconf 68' lang='lat' dir='ltr'>magnillus</span> <span class='ocrx_word' id='word_1_363' title='bbox 720 4907 799 4955; x_wconf 89' lang='lat' dir='ltr'>rebus</span> <span class='ocrx_word' id='word_1_364' title='bbox 818 4921 862 4956; x_wconf 89' lang='lat' dir='ltr'>ex·</span> <span class='ocrx_word' id='word_1_365' title='bbox 946 4922 986 4955; x_wconf 87' lang='lat'>22.</span> <span class='ocrx_word' id='word_1_366' title='bbox 1005 4908 1034 4955; x_wconf 80' lang='lat' dir='ltr'>Is</span> <span class='ocrx_word' id='word_1_367' title='bbox 1044 4921 1091 4969; x_wconf 86' lang='lat' dir='ltr'>per</span> <span class='ocrx_word' id='word_1_368' title='bbox 1101 4906 1197 4971; x_wconf 88' lang='lat' dir='ltr'>quem]</span> <span class='ocrx_word' id='word_1_369' title='bbox 1230 4907 1250 4956; x_wconf 77' lang='lat' dir='ltr'>f.</span> <span class='ocrx_word' id='word_1_370' title='bbox 1261 4907 1309 4968; x_wconf 82' lang='lat' dir='ltr'>Ep.</span> <span class='ocrx_word' id='word_1_371' title='bbox 1322 4909 1372 4970; x_wconf 81' lang='lat'>⁶⁵9</span> <span class='ocrx_word' id='word_1_372' title='bbox 1383 4909 1486 4959; x_wconf 86' lang='lat' dir='ltr'>rutrod.</span> 
     </span>
     <span class='ocr_line' id='line_1_43' title="bbox 290 4972 1327 5037; baseline 0 -14"><span class='ocrx_word' id='word_1_373' title='bbox 290 4976 404 5037; x_wconf 78' lang='lat' dir='ltr'>peotrtis</span> <span class='ocrx_word' id='word_1_374' title='bbox 415 4988 501 5023; x_wconf 76' lang='lat' dir='ltr'>merse</span> <span class='ocrx_word' id='word_1_375' title='bbox 513 4988 597 5035; x_wconf 76' lang='lat' dir='ltr'>nugas</span> <span class='ocrx_word' id='word_1_376' title='bbox 610 4973 767 5034; x_wconf 70' lang='lat' dir='ltr'>reperiunt!</span> <span class='ocrx_word' id='word_1_377' title='bbox 946 4975 987 5022; x_wconf 87' lang='lat'>26.</span> <span class='ocrx_word' id='word_1_378' title='bbox 1004 4972 1138 5037; x_wconf 84' lang='lat' dir='ltr'>expectet]</span> <span class='ocrx_word' id='word_1_379' title='bbox 1149 4988 1180 5023; x_wconf 79' lang='lat' dir='ltr'>ec.</span> <span class='ocrx_word' id='word_1_380' title='bbox 1192 4973 1327 5023; x_wconf 73' lang='lat' dir='ltr'>Erasmus.</span> 
     </span>
    </p>
   </div>
   <div class='ocr_carea' id='block_1_11' title="bbox 0 0 1938 6034">
    <p class='ocr_par' dir='ltr' id='par_1_15' title="bbox 0 0 1938 6034">
     <span class='ocr_line' id='line_1_44' title="bbox 0 0 1938 6034; baseline 0 6"><span class='ocrx_word' id='word_1_381' title='bbox 0 0 1938 6034; x_wconf 95' lang='lat' dir='ltr'> </span> 
     </span>
    </p>
   </div>
  </div>
 </body>
</html>
