3867 6034
458 717 520 779 sor
807 705 998 778 nummis
1025 716 1080 779 or
1107 715 1309 779 nnrsuus
1562 712 1661 798 [ιω

458 872 504 932 ita
532 875 643 933 natum
672 869 790 932 litteris
812 873 848 931 vt
873 890 930 948 per
960 890 1013 931 eas
1040 871 1139 949 possit
1167 871 1269 945 euehi,
1298 875 1331 932 et
1348 870 1528 932 -mataroula
1555 868 1660 931 filium

459 990 524 1031 non
542 969 641 1030 eredit
657 967 848 1030 ineolumem
866 969 902 1029 ni
922 970 1018 1031 sitin
1036 969 1164 1047 Anglia
1206 969 1271 1029 Neo
1285 973 1392 1030 tamon
1405 988 1425 1029 a
1438 988 1489 1029 ms
1508 968 1665 1029 dimissus

459 1067 593 1142 videtur,
615 1069 816 1145 posteaquam
844 1067 879 1126 in
908 1066 990 1127 Mori
1019 1066 1082 1127 mai
1110 1066 1308 1128 famulitium
1338 1066 1572 1145 demigraturus
1601 1068 1660 1127 ast.

413 1183 444 1232 ⁴5
459 1164 550 1227 Nihil
580 1165 648 1226 siue
677 1164 804 1243 ingenio
833 1164 1012 1243 synosrms:
1046 1184 1141 1242 quare
1172 1165 1270 1226 velim
1302 1168 1338 1226 vt
1369 1165 1429 1226 tibi
1460 1184 1584 1243 quoque
1615 1164 1659 1225 sit

458 1262 702 1337 oommsndatus,
725 1262 830 1341 siquid
854 1281 933 1340 opus
959 1281 1027 1324 esso
1052 1262 1233 1340 oonspioias,
1256 1283 1296 1323 ns
1314 1262 1476 1324 malorum
1501 1263 1662 1323 oousortio

458 1367 682 1439 corrumpatur.
723 1362 812 1422 Bene
825 1358 902 1422 vulo.
975 1386 978 1392 ·

498 1459 639 1521 Irouanii.
657 1461 685 1520 8.
701 1460 765 1523 Oai.
779 1458 885 1520 Maias.
929 1460 1026 1519 Anno
1040 1459 1170 1520 Domini
1184 1476 1349 1519 renum.

1390 1555 1541 1618 Erasmm
1554 1559 1615 1618 eto.

769 1754 843 1817 888.
888 1751 936 1815 Το
959 1750 1077 1817 Meua
1100 1751 1336 1837 (Wuaurosnl

490 1890 635 1947 Deventer
646 1887 705 1944 MS.
718 1904 761 1959 91,
776 1888 796 1944 f.
811 1902 852 1943 ro.
1421 1888 1557 1945 Louvain.

490 1977 546 2034 LB.
559 1977 633 2049 App.
650 1990 708 2047 135.
1362 1991 1396 2043 24
1408 1975 1490 2046 April
1504 1972 1619 2049 (1518).

846 2078 893 2145 [In
905 2092 1038 2141 aequm
1050 2080 1118 2129 with
1130 2079 1179 2142 Ep.
1192 2079 1260 2142 για]

801 2227 955 2275 musuvs
978 2228 1127 2277 sonuum
1150 2228 1212 2276 SVO
1235 2230 1261 2279 S.
1276 2228 1309 2276 D.

493 2352 583 2428 Qvon
604 2349 751 2411 nonnihil
768 2347 892 2410 ortuis
912 2347 1038 2408 schedis
1057 2348 1234 2425 asperseris,
1254 2348 1352 2410 habeo
1372 2350 1517 2426 gratiam.
1562 2350 1652 2425 Quod

453 2449 653 2528 praeeipuum
670 2446 829 2525 dialogum
847 2445 1064 2522 suppresseris,
1080 2445 1147 2523 ipee
1159 2450 1231 2507 tuae
1245 2445 1342 2523 gloria
1355 2447 1473 2508 videris
1487 2447 1653 2508 inuidere:

453 2565 526 2609 nam
546 2550 602 2607 tuo
622 2547 751 2606 nomine
771 2543 917 2623 parabam
937 2543 996 2603 hoo
1015 2544 1163 2622 quioquid
1181 2550 1231 2604 ast
1251 2544 1353 2605 libelli
1368 2546 1465 2607 edera
1509 2545 1653 2622 Epistola

452 2648 518 2717 tua,
530 2644 606 2705 lieet
618 2642 786 2721 perbreuis,
801 2641 972 2702 admodum
986 2640 1111 2717 placuit.
1154 2640 1255 2720 Perge
1267 2662 1303 2703 ao
1316 2642 1393 2703 vale.

422 2746 436 2797 5
491 2742 626 2804 Louanii
640 2743 659 2800 8
673 2741 737 2802 cu.
754 2740 858 2801 Maias

828 2947 903 3008 884.
947 2944 998 3008 Το
1021 2943 1147 3007 Hmuu
1170 2944 1268 3010 VIII.

484 3082 625 3139 Dersnter
637 3081 696 3136 MS.
709 3096 752 3151 91,
766 3080 785 3135 f.
801 3095 842 3137 12.
1444 3081 1578 3137 Louvain.

485 3168 519 3225 D.
532 3187 560 3241 p.
576 3181 644 3240 155:
664 3168 694 3223 F.
707 3188 736 3239 p.
752 3170 819 3235 148:
838 3164 910 3221 llll:
929 3166 1017 3222 Lond.
1031 3164 1072 3221 iii.
1087 3169 1135 3222 16:
1156 3167 1285 3237 LB.313.
1392 3182 1423 3238 25
1437 3166 1520 3238 April
1535 3170 1613 3239 1518.

508 3322 732 3372 sussulssmo
754 3320 940 3369 ANGLORVM
962 3320 1044 3369 REGI
1067 3321 1221 3370 fluumco
1242 3320 1320 3368 EIVS
1342 3320 1488 3369 noturus
1509 3322 1587 3371 vm.

786 3423 941 3471 musuvs
963 3423 1212 3471 Rouusouauvs
1235 3424 1262 3473 S.
1276 3424 1311 3476 D.

487 3545 637 3607 Sinvrmr
658 3549 691 3606 et
710 3544 990 3620 immortalitatem,
1010 3546 1210 3607 serenissime
1232 3546 1307 3606 Rex,
1350 3545 1557 3608 celsitudinis
1574 3549 1650 3609 tuae

446 3638 563 3707 munus
582 3643 694 3705 multis
714 3642 841 3721 quidem
861 3643 964 3704 modis
984 3643 1065 3704 mihi
1086 3643 1301 3721 gratissimum
1319 3644 1389 3717 fuit,
1406 3644 1474 3704 siue
1490 3644 1574 3721 quod
1591 3664 1649 3723 par

445 3763 478 3805 sa
499 3743 620 3821 ingens,
635 3742 704 3804 siue
723 3740 806 3820 quod
826 3761 845 3801 a
866 3741 951 3819 Roga
972 3742 1167 3819 profeotum;
1188 3742 1350 3818 presertim
1371 3742 1411 3801 ab
1432 3761 1468 3802 eo
1490 3741 1574 3818 Rege
1591 3743 1645 3820 qui

446 3860 510 3902 non
530 3840 637 3901 minus
657 3840 949 3901 honestissimarum
970 3859 1075 3901 rerum
1095 3839 1201 3901 studio
1221 3859 1315 3918 quam
1335 3839 1466 3900 ditionis
1485 3840 1646 3918 opulentis

416 3950 430 3999 ⁵
444 3937 488 3999 sit
500 3937 643 4013 eximius,
654 3937 804 4016 cuiusque
817 3936 942 4013 probari
951 3936 1066 3998 iudioio
1081 3937 1333 4015 magnifioentius
1342 3937 1385 3998 sit
1395 3955 1492 4015 quam
1504 3937 1644 3999 inaurari

443 4035 668 4097 munifiosntia
711 4036 829 4096 Tamen
843 4034 903 4094 hoo
920 4036 1047 4096 nomine
1063 4035 1145 4096 mihi
1158 4035 1320 4112 praecipue
1333 4036 1395 4096 fuit
1407 4040 1546 4112 gratum,
1559 4036 1644 4115 quod

442 4134 541 4195 veteri
554 4137 609 4194 tuo
623 4134 661 4195 de
675 4133 768 4194 nobis
784 4131 941 4209 suffragio,
958 4152 1021 4210 quo
1034 4152 1257 4211 saepenumero
1274 4133 1442 4194 Erasmum
1456 4153 1522 4194 non
1537 4136 1646 4195 minus

441 4233 584 4295 amanter
608 4250 703 4309 quam
730 4230 901 4291 honorifice
925 4230 1054 4304 ornasti,
1078 4250 1134 4291 osu
1155 4230 1272 4309 pignus
1301 4231 1458 4311 quoddam
1479 4233 1646 4293 aooeoeiaee

441 4330 606 4392 videretur.
650 4329 699 4389 Ac
719 4328 807 4390 velut
826 4328 886 4388 hoo
907 4347 1019 4406 parum
1043 4328 1086 4388 sit
1102 4329 1208 4390 visum
1228 4333 1301 4391 tuae
1322 4349 1395 4407 erga
1415 4328 1514 4390 bonas
1534 4330 1644 4392 literas

399 4449 428 4485 ιο
441 4428 639 4506 benignitati,
651 4427 733 4488 vltro
746 4427 906 4487 fortunam
919 4426 1013 4486 offers
1026 4430 1206 4504 perpetuam
1220 4447 1350 4506 eamque
1360 4447 1426 4489 non
1439 4428 1639 4489 mediocrum.

441 4527 542 4603 Quam
566 4524 713 4605 squidem
741 4525 818 4585 adeo
844 4543 907 4585 non
932 4543 1040 4586 rsouso
1063 4528 1098 4586 vt
1123 4525 1174 4587 vel
1198 4526 1296 4603 gratis
1322 4526 1381 4587 sub
1408 4527 1466 4586 tali
1493 4526 1644 4607 Principe

441 4645 558 4687 merere
576 4626 710 4706 cupiam,
727 4625 809 4702 apud
828 4643 920 4703 quem
939 4626 976 4685 vt
990 4624 1120 4703 quisque
1134 4625 1226 4685 bonis
1245 4624 1345 4685 literis
1358 4623 1502 4702 vitaeque
1517 4624 1642 4706 integri·

472 4788 531 4839 888.
551 4803 574 4838 ι.
592 4788 722 4838 nonnihil
739 4792 832 4850 aripti,
851 4790 880 4847 εἰ.
897 4791 942 4847 up.
960 4802 1019 4850 914·
1036 4790 1123 4837 ona:
1145 4789 1287 4838 nihilne.
1391 4789 1448 4839 884.
1466 4802 1516 4839 rrr.
1535 4793 1592 4840 add.
1610 4794 1637 4840 D.

438 4868 464 4915 5.
483 4868 546 4915 ·que
557 4870 602 4904 om.
615 4859 642 4904 D.
726 4856 752 4904 8.
770 4854 874 4903 ornasti
886 4857 957 4904 818..
974 4858 1022 4903 tua
1032 4854 1159 4904 maiestas
1170 4856 1280 4904 ornauit
1291 4858 1319 4904 D.

799 5006 855 5054 884.
876 5019 898 5052 a.
916 4982 1029 5065 munus]
1042 5003 1082 5052 Gi.
1095 5004 1144 5067 Ep.
1155 5006 1213 5055 816.
1224 5006 1283 5056 6-8.
