3867 6034
407 684 471 744 546
755 678 945 741 Lamnus
974 678 1027 739 ΟΡ
1053 676 1258 740 ERASMUS
1528 673 1631 759 [15¹9

450 840 558 919 Nuper
580 841 773 918 sycophanta
793 838 958 917 quispiam,
977 836 1032 914 qui
1052 835 1115 896 sibi
1136 855 1200 896 non
1225 835 1318 895 modo
1343 833 1531 913 theologus,
1556 856 1633 898 cum

408 938 491 999 nihil
505 938 547 1000 sit
560 938 677 1013 minus,
692 936 911 998 verumetiam
925 932 1088 995 sanctulus
1101 933 1233 1005 videtur,
1249 932 1284 992 in
1298 931 1400 992 literis
1419 932 1463 993 ad
1482 934 1633 995 amicum

409 1056 467 1109 me,
478 1037 532 1114 qui
544 1036 643 1098 tantis
651 1035 771 1114 vigiliis
784 1039 817 1096 et
827 1035 992 1095 restituere
1005 1050 1078 1093 sum
1092 1034 1224 1092 conatus
1233 1034 1266 1089 et
1275 1030 1437 1091 illustram
1450 1029 1632 1093 lectionem

349 1134 397 1188 160
408 1133 659 1208 ecclesiasticam,
675 1137 766 1195 vocat
784 1131 1044 1194 calumniatorem
1058 1127 1281 1189 ecclesiasticae
1295 1126 1452 1203 lectionis,
1468 1147 1509 1190 se
1523 1129 1634 1192 defen·

407 1251 519 1294 sorem.

448 1332 497 1391 Ac
509 1329 662 1408 proximis
674 1328 760 1389 hisce
773 1328 883 1389 diebus
896 1326 977 1387 alius
992 1324 1148 1404 quispiam
1163 1323 1383 1401 loquacissima
1395 1323 1562 1400 balbutie,
1575 1328 1631 1405 qui

408 1447 481 1488 cum
494 1427 583 1505 loqui
596 1426 736 1501 nesciret,
751 1427 852 1487 tacere
865 1428 971 1485 tamen
986 1443 1050 1485 non
1069 1425 1182 1501 posset,
1197 1422 1285 1481 velut
1306 1420 1341 1481 in
1360 1421 1422 1483 hoc
1444 1425 1632 1485 conductus

408 1524 542 1586 diuersis
564 1524 667 1602 opidis
690 1523 771 1585 miro
791 1521 896 1583 studio
919 1540 1006 1582 meae
1027 1520 1136 1581 laudes
1157 1519 1395 1596 depraedicarat,
1421 1540 1491 1582 non
1520 1524 1629 1584 solum

348 1625 395 1692 1⁶5
408 1622 581 1684 doctrinam
601 1624 758 1683 incessens
776 1621 830 1681 sed
848 1623 880 1681 et
897 1620 998 1681 vitam
1017 1618 1109 1678 miris
1127 1617 1350 1695 sycophantiis
1394 1618 1497 1680 Forte
1518 1622 1628 1682 euenit

408 1724 444 1781 vt
470 1719 505 1782 in
532 1720 616 1781 idem
644 1719 827 1781 conuiuium
852 1717 1072 1791 incideremus,
1098 1735 1170 1777 cum
1198 1715 1299 1794 pridie
1326 1716 1451 1778 amicus
1491 1719 1626 1797 quidam

406 1817 532 1880 fabulae
544 1821 668 1895 partem
681 1818 720 1879 ad
734 1837 787 1877 me
795 1816 1033 1895 perscripsisset.
1069 1814 1243 1892 Expostulo
1252 1814 1369 1892 palam,
1379 1814 1489 1878 doctis
1502 1818 1627 1898 aliquot

408 1915 560 1991 testibus,
581 1915 705 1994 profero
717 1914 881 1977 mendacia
893 1913 1009 1992 quibus
1021 1931 1074 1973 me
1088 1912 1280 1973 traduxerat.
1320 1910 1369 1971 Ibi
1384 1913 1468 1973 satis
1486 1917 1625 1977 testatus

407 2016 456 2074 est
473 2014 568 2076 homo
586 2034 664 2093 quae
682 2013 873 2091 praedicarat
893 2031 958 2073 non
979 2032 996 2072 e
1014 2030 1071 2072 sua
1089 2010 1222 2071 lectione
1240 2009 1295 2070 sed
1309 2029 1348 2069 ex
1361 2009 1508 2073 aliorum
1522 2014 1624 2075 relatu

347 2133 396 2186 ¹7⁰
407 2111 608 2191 praedicasse.
650 2113 692 2174 Et
712 2112 843 2191 perinde
864 2110 954 2189 quasi
974 2109 1129 2171 mediocre
1148 2109 1249 2170 scelus
1269 2108 1313 2168 sit
1332 2108 1477 2170 alienam
1499 2112 1621 2174 famam

407 2209 580 2272 mendaciis
600 2210 761 2284 incessere,
778 2210 894 2271 audent
914 2229 987 2269 cum
1007 2207 1189 2269 huiusmodi
1208 2206 1301 2267 factis
1320 2206 1359 2267 ad
1381 2213 1620 2271 sacrosanctam

407 2308 525 2369 Christi
538 2330 681 2371 mensam
694 2309 845 2383 accedere,
859 2307 1002 2368 nondum
1017 2305 1215 2367 reconciliato
1230 2324 1324 2383 quem
1336 2304 1493 2367 leserunt
1530 2307 1620 2369 Adeo

405 2406 494 2466 iuxta
515 2408 668 2485 Tychonii
695 2408 824 2481 dictum,
847 2407 951 2484 ‘quod
976 2405 1131 2476 volumus,
1154 2406 1300 2463 sanctum
1324 2406 1373 2463 est
1394 2402 1521 2466 ‘nobis’
1573 2409 1619 2467 Ac

406 2523 534 2581 prorsus
567 2526 688 2567 nouum
722 2503 937 2566 calumniandi
970 2523 1079 2582 genus.
1135 2501 1283 2561 Primum
1323 2501 1484 2565 damnant
1524 2524 1617 2583 quem

347 2617 393 2671 17⁵
408 2600 550 2676 oderunt,
577 2603 690 2665 deinde
716 2607 874 2664 venantur
894 2602 977 2681 quod
1005 2604 1132 2679 carpant
1160 2602 1194 2660 in
1221 2619 1258 2659 co
1286 2618 1381 2677 quem
1409 2600 1617 2664 damnamini.

367 2683 372 2696 ¹
408 2697 497 2772 Quod
507 2699 535 2760 si
546 2700 617 2779 quis
627 2700 757 2762 obsistat
768 2704 823 2761 aut
832 2700 982 2761 reclamet
991 2698 1121 2760 illorum
1130 2696 1351 2777 sycophantiis,
1364 2701 1437 2759 tum
1448 2699 1617 2761 clamitant

405 2796 528 2857 turbari
555 2817 664 2876 pacem
691 2802 723 2859 et
750 2797 1035 2876 tranquillitatem:
1064 2796 1193 2874 perinde
1220 2794 1309 2872 quasi
1335 2792 1489 2873 siquem
1518 2797 1617 2877 alapis

406 2894 522 2967 caedas
534 2896 642 2957 iubeas
654 2894 884 2974 conquiescere,
893 2915 935 2955 ne
944 2894 1021 2972 quid
1030 2892 1189 2955 tumultus
1200 2892 1327 2953 oriatur.
1364 2892 1497 2956 Horum
1508 2898 1615 2957 tenera

405 2993 553 3054 maiestas
576 2997 608 3053 et
631 2994 725 3055 verbo
749 2993 845 3053 etiam
868 2991 1033 3054 irritabilis
1059 3013 1078 3053 a
1104 2991 1196 3052 nobis
1222 2990 1391 3069 plusquam
1419 2992 1613 3054 Socraticam

347 3100 394 3149 ιε)
405 3090 502 3169 exigit
521 3091 726 3169 patientiam3
750 3094 868 3152 ettam
889 3090 986 3152 vilem
1006 3090 1125 3150 habent
1145 3089 1279 3149 alienam
1300 3088 1426 3164 famam,
1443 3090 1502 3168 qui
1524 3111 1612 3153 suam

406 3191 473 3249 tam
487 3189 613 3250 charam
627 3189 735 3250 haberi
749 3189 871 3250 volunt.

446 3287 507 3349 Sed
531 3307 590 3349 nae
614 3307 671 3365 ego
698 3288 832 3363 ineptus,
853 3286 899 3346 mi
924 3286 1026 3356 Petre,
1045 3285 1101 3362 qni
1122 3285 1161 3345 de
1182 3283 1233 3343 his
1254 3286 1319 3342 tam
1339 3283 1453 3345 multa.
1500 3286 1611 3349 Finem

405 3384 516 3446 faciam
543 3385 570 3445 si
597 3386 724 3447 vnieam
750 3384 853 3446 adhuc
880 3383 1019 3445 fabulam
1048 3383 1204 3443 addidero.
1255 3380 1375 3459 Anglia
1402 3381 1485 3445 duas
1517 3386 1611 3446 habet

405 3483 590 3545 Academias
603 3484 687 3545 haud
702 3502 859 3561 quaquam
871 3482 1050 3557 incelebres,
1063 3478 1296 3558 cantabrigiam
1310 3485 1343 3539 et
1356 3480 1530 3543 Oxoniam.
1574 3483 1611 3543 In

346 3592 392 3658 185
405 3585 535 3659 vtraque
549 3583 717 3642 traduntur
730 3580 865 3641 Graecae
877 3579 994 3654 literae,
1004 3580 1058 3640 sed
1074 3579 1108 3638 in
1119 3576 1319 3655 cantabrigia
1331 3579 1516 3658 tranquille,
1530 3580 1610 3659 quod

404 3679 473 3740 eius
506 3679 630 3741 scholae
663 3678 808 3755 princeps
841 3679 884 3739 sit
918 3678 955 3740 R,
971 3678 1008 3740 P.
1032 3677 1165 3738 Ioannes
1199 3675 1413 3751 Phischerius,
1444 3680 1610 3758 episcopus

406 3776 570 3853 Roffensis,
593 3798 659 3839 non
687 3776 862 3837 eruditione
886 3780 1012 3837 tantum
1036 3776 1090 3837 sed
1115 3774 1235 3835 etrite
1259 3773 1443 3851 theologica.
1489 3778 1608 3838 Verum

405 3873 542 3936 Oxoniae
562 3896 635 3936 cum
657 3874 780 3936 iuuenis
800 3875 929 3952 quidam
951 3895 1017 3935 non
1036 3875 1208 3952 vulgariter
1227 3873 1336 3932 ductus
1355 3873 1435 3932 satis
1456 3873 1609 3935 foeliciter

440 4088 494 4135 157·
512 4088 574 4123 cum
585 4073 658 4125 nihil
670 4075 706 4123 sit
717 4076 811 4124 minua
821 4078 879 4122 cdd.
891 4076 920 4122 F.
1021 4086 1075 4135 159
1095 4086 1155 4120 sum
1167 4090 1183 4119 a
1191 4076 1226 4119 F:
1243 4087 1287 4119 om.
1299 4074 1330 4119 Β.
1443 4076 1500 4135 163„
1520 4080 1606 4138 posset

404 4156 437 4187 a:
454 4142 543 4202 potest
553 4144 587 4189 Η.
657 4141 711 4189 166.
729 4140 817 4202 pridie
829 4144 865 4188 F:
882 4138 988 4201 pridem
999 4155 1023 4185 u.
1095 4152 1149 4198 173.
1162 4141 1200 4185 E:
1216 4136 1345 4196 Tychorni
1357 4153 1381 4185 a.
1456 4153 1512 4201 174·
1527 4156 1605 4204 quom

403 4221 436 4253 u:
452 4205 524 4267 quod
535 4208 564 4253 Ε.
694 4219 747 4267 175.
764 4219 845 4268 quem
857 4221 891 4253 a:
908 4204 981 4266 quod
993 4206 1018 4258 β.
1149 4216 1203 4263 177·
1220 4210 1291 4250 eta:
1307 4206 1381 4253 acE.
1477 4208 1501 4254 si
1514 4223 1561 4257 οη,
1574 4211 1602 4257 Ν.

406 4270 459 4330 178.
478 4269 573 4320 caedas
584 4274 618 4320 F:
635 4270 714 4320 cedas
724 4289 749 4321 c.
827 4271 882 4319 rso.
899 4272 1017 4318 alienam
1029 4273 1067 4318 E:
1084 4268 1200 4316 aliorum
1211 4284 1234 4315 u.
1311 4269 1364 4329 185
1385 4267 1415 4315 in
1429 4268 1605 4337 cantabrigia

402 4352 436 4383 a:
453 4336 641 4398 Cantabrigiae
651 4340 681 4387 Ε.
783 4336 837 4385 ι86.
857 4335 887 4385 R
901 4335 929 4384 P.
941 4350 986 4385 om.
999 4339 1031 4383 Η.
1098 4333 1252 4382 Fischerius
1262 4335 1291 4381 E.

440 4517 492 4565 ¹57·
512 4501 693 4566 sycophanta]
706 4502 767 4553 hee.
1027 4501 1101 4550 More
1110 4502 1195 4549 wrote
1202 4499 1247 4548 his
1258 4497 1375 4548 lettertc
1387 4498 1437 4549 the
1447 4500 1606 4566 University

437 4570 492 4630 158.
510 4567 640 4632 amicum]
655 4567 754 4617 llartin
767 4568 884 4631 Lipsius.
1027 4567 1133 4628 against
1155 4565 1203 4615 the
1229 4563 1360 4625 ‘l'rojans;
1388 4579 1433 4614 see
1456 4567 1552 4619 Jortin
1578 4570 1604 4618 u

438 4636 492 4685 162.
510 4632 592 4697 alius]
604 4634 643 4682 Cf.
658 4634 706 4696 Ep.
718 4636 774 4697 946.
788 4649 804 4695 3
816 4648 845 4682 n.
1026 4633 1108 4692 cca-7
1126 4630 1182 4680 and
1188 4630 1337 4707 ‘Seehohm
1357 4644 1401 4693 pp.
1415 4632 1503 4694 458,9.
1542 4636 1604 4685 Paeo

416 4698 655 4825 „ypponna
672 4715 711 4758 ‘'¹’'
725 4700 853 4763 *Μ
866 4714 907 4762 ⁹³’
922 4702 980 4759 ⁵⁴³
1026 4712 1082 4812 lt
1095 4694 1604 4824 tlthttttt¹¹tthz⁰i²⁷¹²·3

403 4764 414 4825 (
437 4780 492 4878 18⁸8.
505 4801 635 4893 dionius]
645 4831 710 4880 'l'his
719 4830 841 4881 incidant
850 4828 981 4892 probably
1025 4828 1063 4891 5).
1097 4828 1125 4876 Ii
1134 4827 1191 4876 this
1205 4827 1266 4876 date
1284 4828 1307 4874 is
1323 4830 1434 4892 correct,
1449 4828 1499 4878 the
1518 4782 1605 4894 ἓξὲξ

401 4896 529 4945 occurred
546 4897 576 4945 in
593 4896 640 4945 the
656 4898 749 4960 spring
766 4896 795 4946 ol
813 4897 883 4957 1518,
897 4896 979 4944 when
1026 4895 1143 4943 lecturer
1177 4908 1212 4942 on
1240 4891 1328 4940 Greek
1361 4907 1411 4941 can
1442 4894 1548 4960 hardly
1574 4898 1604 4946 bs
1655 4919 1659 4926 ·

401 4960 449 5010 the
461 4961 542 5012 Gourt
556 4976 611 5011 was
623 4965 651 5011 at
662 4962 818 5026 magdon,
831 4962 887 5011 and
898 4962 979 5010 when
1025 4959 1149 5011 clement
1163 4975 1170 5020 ;
1187 4957 1220 5011 cl.
1233 4956 1281 5021 Ep.
1294 4958 1352 5019 388,
1367 4972 1413 5020 173
1426 4973 1456 5010 n.
