3867 6034
385 686 447 749 eae
734 683 926 747 inuuere
953 683 1007 744 oe
1035 682 1237 745 nemesus
1506 677 1591 763 [1519

386 843 536 906 conferas.
557 842 683 904 Horum
691 841 862 919 pertinacia
869 840 1057 919 quibusdam
1066 840 1227 919 persuasit,
1238 840 1402 918 quosdam
1412 840 1592 918 improbitas

386 943 559 1019 pertraxit:
590 939 718 1017 quidam
739 941 780 1000 ad
804 938 938 1017 gratim
958 937 1184 1016 obsequuntur,
1204 936 1337 1015 quidam
1360 956 1424 1015 spe
1445 939 1591 999 commodi

387 1038 562 1114 cuiuspiam
574 1039 631 1098 aut
643 1035 835 1097 incommodi
852 1038 941 1097 metu
958 1034 1082 1096 fabulae
1099 1054 1165 1096 non
1179 1035 1330 1112 probatae
1345 1038 1478 1112 partem
1494 1040 1590 1114 agunt

387 1137 501 1213 lingna
513 1154 585 1212 pars
597 1133 794 1209 vociferatur,
813 1151 877 1194 non
897 1131 938 1193 ob
957 1131 1045 1192 aliud
1066 1131 1128 1192 nisi
1146 1132 1228 1209 quod
1247 1131 1371 1193 multos
1386 1133 1591 1194 vociferantes

344 1256 375 1305 55
387 1233 483 1294 videt.
525 1233 612 1293 Haec
632 1231 688 1309 qui
708 1231 818 1310 procul
837 1229 980 1301 audiunt,
993 1249 1061 1290 rem
1082 1228 1208 1308 publico
1222 1228 1355 1291 consilio
1370 1231 1444 1307 geri
1459 1232 1589 1303 credunt,

387 1330 570 1410 praesertim
583 1350 656 1391 cum
669 1329 827 1406 splendidi
845 1327 935 1389 tituli
944 1330 1175 1406 praetexuntur,
1189 1327 1428 1402 Vniuereitatis,
1446 1328 1589 1403 Rectoris,

388 1427 593 1489 Facultatum.
620 1427 682 1501 Qui
691 1427 969 1504 propiusspectant
979 1423 1286 1486 fabulamautetiam
1296 1424 1387 1486 intra
1396 1426 1590 1504 proscenium

388 1527 562 1601 versantur,
585 1523 770 1601 intelligunt
789 1526 890 1583 totam
913 1522 995 1583 hanc
1018 1522 1199 1583 machinam
1221 1522 1322 1583 unius
1344 1526 1447 1601 atque
1472 1523 1592 1585 alterius

388 1642 483 1700 opera
505 1621 636 1683 moueri.
677 1622 744 1698 ligo
771 1620 929 1681 tumultus
953 1619 1135 1680 huiusmodi
1149 1621 1201 1681 vel
1226 1621 1310 1681 Atae
1339 1619 1589 1684 Homericaavel

344 1720 471 1782 ooPani
495 1719 551 1780 deo
575 1719 696 1795 poetico
720 1717 771 1778 vel
794 1717 982 1794 Tisiphonea
1009 1720 1066 1778 aut
1092 1716 1247 1778 furiarum
1275 1716 1414 1779 cuihbet
1438 1720 1501 1794 vel,
1515 1720 1588 1797 quod

388 1816 536 1894 astrologi
558 1816 689 1890 iaciunt,
712 1816 807 1876 astris
831 1834 942 1891 parum
970 1814 1133 1874 commode
1152 1816 1419 1877 concurrentibus
1439 1816 1588 1895 imputare

389 1913 472 1974 malo
487 1932 583 1990 quam
594 1913 803 1974 multitudini

430 2011 577 2089 Suspicor
589 2016 623 2071 et
635 2010 714 2072 illud
734 2011 871 2072 obfuisse
888 2010 957 2084 tibi,
974 2009 1057 2087 quod
1076 2009 1173 2069 nimis
1186 2009 1324 2087 ingenue
1337 2031 1418 2088 prae
1432 2016 1465 2073 te
1478 2013 1587 2074 ferebas

389 2110 492 2171 nostri
511 2109 661 2170 studium
706 2109 749 2169 Et
768 2108 866 2169 huius
884 2106 1009 2168 fabulae
1029 2106 1154 2184 choragi
1174 2126 1207 2166 se
1220 2108 1355 2170 credunt
1369 2109 1587 2188 vituperamsi

345 2221 377 2288 65
390 2208 535 2269 laudetur
547 2208 705 2268 Erasmus
750 2205 814 2267 Nec
827 2205 952 2266 defuere
965 2203 1108 2265 fortassis
1126 2203 1180 2281 qui
1193 2204 1436 2281 suspicarentur
1448 2216 1481 2268 te
1492 2207 1588 2269 suber

391 2308 501 2366 mtum
516 2306 553 2364 vt
576 2304 613 2364 in
632 2304 795 2382 theologos
813 2302 933 2381 poetica
952 2300 1098 2362 libertato
1115 2300 1242 2363 diceres
1285 2302 1353 2365 Nec
1367 2304 1476 2367 ullum
1494 2306 1588 2366 adhuc

389 2402 558 2464 hominum
590 2421 689 2480 genus
712 2400 779 2461 vidi
812 2400 896 2478 quod
933 2418 1029 2476 aeque
1068 2398 1228 2477 indulgeat
1261 2400 1329 2462 suis
1350 2402 1587 2481 suspicionibus

390 2501 572 2562 Versiculus
586 2500 638 2561 hic
652 2502 727 2560 tuus
740 2498 843 2575 adsgii
856 2498 925 2558 vice
938 2497 1159 2558 circumfortur
1171 2496 1322 2558 Inuenii:

580 2616 713 2675 Cernere
734 2632 798 2673 non
819 2612 909 2672 licuit
929 2611 1102 2672 facundum
1122 2614 1230 2689 pactus
1252 2612 1392 2673 Erasmi.

347 2758 379 2810 70
391 2727 492 2801 Quem
516 2747 572 2787 cur
599 2728 722 2788 rideant
749 2746 813 2787 non
836 2725 913 2787 satis
937 2724 1099 2803 intelligo:
1129 2745 1230 2803 neque
1254 2727 1342 2787 enim
1364 2748 1498 2791 carmen
1521 2730 1589 2791 adso

390 2823 510 2884 malum
530 2828 578 2884 est
597 2828 633 2885 vt
654 2824 751 2884 rideri
772 2824 890 2897 debeat,
910 2842 967 2883 noc
987 2822 1137 2884 Erasmus
1157 2824 1333 2902 usqueadeo
1356 2830 1409 2887 est
1430 2827 1537 2891 infans
1558 2833 1588 2889 vt

390 2920 604 2999 prodigiosum
618 2922 661 2982 sit
674 2922 701 2982 si
714 2921 785 2999 quis
797 2922 918 2983 amiciis
931 2921 960 2981 ei
977 2922 1095 2982 tribuat
1114 2922 1336 3000 eloquentiam.
1384 2924 1498 3004 Neque
1511 2928 1588 2988 enim

390 3020 501 3098 opinor
514 3020 566 3081 hic
579 3040 646 3082 esse
659 3023 725 3080 tam
738 3039 882 3098 peruerse
895 3019 996 3081 malos
1004 3023 1039 3080 vt
1049 3040 1088 3081 ex
1101 3020 1160 3081 hoo
1169 3020 1236 3097 ipso
1244 3019 1447 3100 voluptatem
1460 3026 1587 3102 capiant,

391 3119 473 3198 quod
501 3118 562 3178 tibi
586 3138 636 3179 res
662 3137 775 3197 parum
798 3138 837 3177 ex
856 3118 956 3178 animi
977 3118 1133 3179 mutantia
1152 3118 1341 3179 successerit.
1386 3121 1510 3183 Verum
1529 3143 1587 3201 age,

348 3244 378 3297 7⁵
390 3219 538 3278 fruantur
547 3237 601 3293 per
612 3236 669 3277 nos
679 3218 737 3277 hec
746 3216 905 3292 voluptate
915 3235 972 3276 sua
981 3216 1083 3293 qualis
1093 3216 1193 3293 qualis
1206 3220 1262 3277 est
1301 3218 1346 3277 'I'e
1359 3218 1463 3280 velim
1472 3223 1589 3300 aequio-

391 3335 458 3376 rem
479 3334 547 3375 esse
570 3315 643 3375 huie
664 3317 789 3375 nostrae
813 3314 944 3388 scholae,
962 3314 1013 3374 cui
1039 3332 1096 3373 nec
1120 3314 1245 3391 ingenia
1265 3315 1384 3376 desunt
1406 3337 1465 3378 nec
1481 3318 1589 3380 eruditi

391 3412 530 3486 iuuenes,
537 3412 629 3473 modo
637 3414 717 3472 esset
725 3412 862 3489 ingeniis
870 3411 979 3485 honos,
991 3430 1046 3471 neo
1055 3416 1160 3472 essent
1168 3412 1224 3489 qui
1232 3431 1359 3472 summa
1367 3416 1404 3474 vi
1411 3416 1590 3477 melioribus

391 3510 505 3570 studiis
528 3507 759 3586 obstreperent:
781 3528 858 3586 quos
878 3508 1033 3569 semideos
1048 3508 1076 3567 si
1093 3508 1152 3569 tibi
1171 3509 1361 3569 nominatim
1381 3512 1586 3593 depingerem,

392 3628 455 3668 non
470 3608 629 3669 mirareris
648 3607 677 3666 si
696 3607 775 3667 tales
795 3606 906 3666 habeat
925 3608 1172 3684 propugnatores
1188 3607 1323 3684 pristina
1340 3608 1513 3673 barbaries
1553 3609 1588 3670 In

346 3724 379 3772 80
391 3705 449 3766 hos
464 3705 566 3767 dicture
579 3724 612 3765 es
626 3705 729 3765 nescio
743 3705 818 3782 quid
826 3704 1056 3765 inuectiuarum
1069 3704 1256 3765 destinasse:
1275 3706 1358 3782 quod
1368 3708 1501 3784 quidem
1516 3709 1589 3769 mihi

391 3803 467 3862 adeo
481 3822 544 3862 non
558 3803 716 3881 probatur,
733 3803 779 3862 mi
796 3802 984 3880 Tranquillo,
1001 3806 1038 3863 vt
1056 3822 1113 3863 neo
1129 3821 1239 3864 verum
1259 3821 1326 3863 esse
1346 3803 1448 3866 libeat
1461 3808 1588 3867 eredere

392 3900 489 3976 Digni
513 3905 596 3976 sunt,
612 3901 744 3978 inquies
788 3902 865 3961 Esto
885 3920 968 3975 sane,
985 3902 1033 3961 iac
1047 3903 1098 3962 vel
1118 3920 1207 3961 cruce
1228 3900 1360 3978 dignos:
1381 3907 1417 3964 at
1439 3910 1472 3965 te
1491 3906 1591 3965 memi-

392 3999 475 4059 nisse
498 3999 571 4060 volo
598 4000 673 4077 quid
701 3999 752 4059 his
779 3998 911 4076 dignum
936 3998 978 4059 sit
1012 3999 1067 4077 qui
1090 3998 1199 4060 literas
1223 4018 1274 4059 eas
1297 4000 1494 4077 profitentur
1517 4022 1589 4082 quae

391 4098 599 4157 humanitatis
612 4096 708 4157 titulo
722 4098 990 4157 commendantur.

347 4207 377 4270 85
432 4195 625 4257 Lodouieum
639 4194 756 4254 Viuem
770 4195 818 4255 iao
833 4214 903 4254 meo
918 4194 1048 4255 nomine
1061 4194 1192 4255 salutes:
1212 4195 1287 4255 huic
1296 4196 1442 4273 gratulor
1455 4200 1484 4259 si
1497 4198 1591 4261 nostri

391 4293 545 4365 meminit
562 4293 690 4353 inuideo
703 4293 732 4353 si
746 4312 809 4352 non
823 4293 981 4353 meminit.
1005 4291 1087 4353 Nam
1100 4292 1193 4353 audio
1206 4292 1370 4354 hominem
1386 4295 1469 4355 mire
1483 4298 1591 4376 gestire

391 4391 506 4469 gaudio
519 4391 601 4469 quod
616 4391 739 4467 elapsus
758 4391 798 4451 ab
817 4389 886 4463 hoc,
901 4393 939 4449 vt
956 4388 1012 4450 ille
1028 4390 1081 4463 ait,
1097 4390 1247 4451 barbariei
1268 4393 1427 4467 praesidio
1439 4395 1481 4454 ad
1494 4396 1590 4473 pristi-

391 4488 652 4572 namstudiorum
660 4488 838 4549 libertatem
847 4487 985 4549 redierit.
1024 4488 1110 4548 Bene
1120 4488 1196 4560 vale,
1208 4488 1388 4567 Tranquillo
1398 4491 1588 4567 charissime,

391 4590 508 4663 Quarto
523 4586 627 4648 Galen.
645 4587 718 4647 Iuli
736 4589 829 4647 Areo
843 4606 876 4645 u.
888 4606 919 4647 n.
935 4605 1002 4649 xxx.

498 4725 539 4784 ⁶9·
557 4721 669 4771 facundi
680 4728 708 4771 F.
810 4736 849 4782 ῃ.
869 4736 919 4771 nec
930 4725 953 4770 Ε
963 4725 1067 4782 Coma:
1085 4722 1106 4771 dt
1118 4723 1148 4772 ni
1160 4726 1208 4773 EF.
1306 4722 1349 4783 89.
1367 4721 1435 4774 Iulii
1447 4730 1479 4774 H.

424 4844 463 4904 87.
477 4842 537 4905 ille]
546 4843 664 4905 Perhaps
671 4842 746 4891 Hier.
755 4845 811 4889 adu.
819 4845 900 4890 Iouis.
911 4855 931 4891 1.
943 4855 963 4889 1.
1016 4841 1061 4890 his
1071 4841 1162 4890 duties
1172 4845 1201 4891 to
1209 4841 1280 4902 Croy
1288 4840 1326 4905 (p.
1336 4842 1383 4904 68)
1390 4843 1449 4891 and
1458 4847 1486 4892 to
1494 4846 1527 4894 be
1535 4856 1588 4893 now

390 4908 446 4956 The
457 4908 623 4970 description
634 4910 753 4970 suggests
764 4907 825 4956 that
837 4908 965 4956 Erasmus
1016 4908 1047 4954 in
1069 4906 1154 4970 Paris,
1179 4922 1214 4955 on
1237 4906 1285 4956 the
1312 4907 1379 4956 visit
1404 4909 1543 4960 indicated
1562 4909 1586 4955 in

391 4974 679 5035 supposadVivestobe
687 4974 742 5022 free
750 4972 964 5022 loratimeirom
1016 4972 1083 5036 Ilpp.
1094 4974 1152 5035 987,
1165 4988 1221 5036 9⁹²·
