3867 6034
305 713 382 799 ¹1¹²]
706 716 761 778 ΤΟ
786 716 928 778 ΡΕΤΕΒ
956 714 1109 778 emus
1444 712 1504 775 148

301 873 339 934 Si
352 874 407 934 aut
420 871 507 933 abest
519 874 574 932 aut
587 870 682 949 friget
695 870 829 945 Omllus,
846 870 968 932 confido
990 869 1193 932 Franciseum
1210 889 1276 931 non
1288 873 1500 948 granatorum.

303 972 392 1033 Bene
404 970 483 1044 vale,
499 970 673 1031 amicornm
686 969 911 1047 syncerissime

343 1068 483 1130 Iaouanii
536 1066 802 1146 Decimoseptimo
822 1066 974 1129 calendas
995 1067 1157 1129 Decembr.
1201 1063 1312 1149 [Anno
1333 1065 1503 1128 millesimo
1517 1090 1551 1141 40

299 1167 553 1246 quingentesimo
567 1160 825 1246 decimooctauo]

649 1438 721 1502 713.
766 1436 815 1503 To
836 1435 935 1503 Jonu
958 1437 1156 1505 Rnncnms.

338 1598 584 1655 emensam.
598 1612 639 1668 15.
653 1596 718 1664 ii,f.
734 1599 766 1653 18
780 1597 831 1668 (α).
1230 1596 1367 1653 louvain.

338 1687 430 1743 Illust.
442 1686 565 1742 virorum
578 1684 668 1756 epist,
681 1683 857 1757 i⁰.s⁸v⁰(6t
1135 1699 1165 1755 15
1180 1683 1338 1741 November
1351 1682 1468 1757 (1517).

336 1832 405 1897 [The
415 1832 475 1880 best
486 1831 579 1879 textis
589 1845 606 1879 a
620 1844 688 1892 copy
699 1831 734 1892 by
744 1830 771 1881 J.
783 1830 816 1880 G.
828 1830 924 1880 Huber
935 1832 1045 1894 (†1755)
1056 1832 1087 1881 in
1104 1831 1149 1881 his
1160 1830 1324 1895 collectione,
1338 1844 1402 1880 now
1411 1830 1442 1878 in
1454 1829 1503 1880 the

305 1898 465 1958 University
480 1896 594 1959 Library
608 1899 638 1946 at
658 1896 750 1945 Basle:
776 1897 850 1946 cited
869 1898 905 1958 by
922 1896 1026 1960 (higen,
1046 1897 1100 1947 Ru
1119 1912 1178 1959 ²35·
1214 1897 1265 1946 For
1281 1899 1299 1951 β
1318 1911 1363 1945 see
1382 1897 1433 1958 Ep.
1452 1910 1504 1957 300

303 1962 402 2013 introd.
437 1963 494 2011 'l'he
503 1961 640 2023 year-<tate
651 1976 715 2023 may
726 1962 759 2009 bs
767 1962 893 2024 assigned
903 1962 974 2012 from
985 1962 1113 2012 Adrian’s
1124 1962 1292 2013 oerdinalsse
1305 1962 1334 2025 (1.
1350 1977 1379 2023 17
1391 1960 1446 2025 n).]

620 2116 776 2164 ERASMVS
798 2116 999 2167 Rsvcnmuo
1021 2118 1085 2166 SVO
1107 2118 1133 2166 S.
1152 2118 1185 2166 D.

323 2333 325 2338 Ι
342 2256 485 2330 S1vales‚
497 2255 683 2316 Germaniae
703 2259 827 2316 nostrae
848 2255 951 2328 decus,
975 2258 1024 2316 est
1044 2255 1128 2317 vnde
1147 2254 1321 2333 plurimum
1341 2254 1503 2332 gaudeam.

304 2353 468 2415 Reeutitus
480 2352 535 2414 ille
552 2373 592 2413 ex
609 2352 834 2413 nocentissimo
847 2372 942 2430 verpe
961 2352 1126 2413 seeleretor
1146 2372 1212 2414 non
1233 2352 1430 2415 Christianus
1449 2352 1503 2414 sed

302 2452 549 2525 Christianistes,
563 2451 648 2511 edito
661 2450 777 2522 libello,
794 2470 890 2528 eoque
903 2450 1025 2529 vulgari
1045 2450 1162 2529 lingue,
1177 2470 1218 2512 ne
1236 2470 1302 2512 non
1322 2450 1504 2528 intelligant

303 2551 403 2629 ipsius
415 2549 544 2624 sodales,
558 2549 687 2609 lenones
700 2569 736 2609 ac
749 2552 872 2624 nautae,
885 2549 994 2610 doctos
1006 2568 1123 2623 omnes,
1139 2553 1176 2610 vt
1193 2549 1296 2622 audio,
1312 2549 1502 2610 nominatim

302 2650 425 2710 lacerat.
468 2648 528 2709 Sed
542 2646 746 2708 meoiudicio
767 2650 946 2707 monstrum
967 2648 1115 2709 omnibus
1137 2648 1242 2708 modis
1262 2646 1432 2724 indignum
1453 2650 1529 2722 est5

304 2748 393 2808 cuius
406 2746 524 2806 mentio
532 2745 589 2806 fiat
597 2746 631 2804 in
638 2744 741 2805 literis
754 2745 921 2806 hominum
934 2744 1138 2806 eruditorum.
1162 2745 1250 2806 Proh
1261 2745 1364 2806 Deum
1374 2744 1502 2805 immor·

303 2844 407 2917 talem,
418 2843 504 2921 quali
517 2861 633 2920 organo
646 2845 781 2903 vtuntur
793 2843 951 2920 personati
964 2842 1014 2903 illi
1028 2842 1189 2920 religionis
1210 2843 1388 2904 euersores!
1423 2841 1503 2903 Plus

304 2961 386 3002 vnus
402 2941 455 3000 ille
475 2939 685 3001 semiiudaeus
703 2940 901 3002 Christianus
920 2940 1030 3001 nocuit
1048 2942 1094 3000 rei
1110 2940 1306 3004 christianae
1325 2959 1419 3017 quam
1437 2940 1503 3001 vni·

303 3058 393 3100 uersa
407 3038 593 3099 Iudaeorum
607 3039 752 3113 sentins;
772 3040 935 3117 planeque,
954 3039 991 3099 ni
1010 3038 1112 3110 fallor,
1135 3039 1167 3099 id
1185 3058 1260 3100 suae
1278 3038 1365 3115 genti
1377 3037 1502 3115 praebet

302 3136 384 3215 quod
407 3136 500 3197 Dario
521 3136 669 3213 Zopyrus
696 3155 876 3214 quanquam
900 3137 952 3197 hic
979 3135 1081 3196 multo
1108 3136 1292 3197 sceleratior.
1351 3136 1425 3210 Nos,
1456 3136 1502 3197 mi
1516 3160 1547 3197 ιο

304 3234 489 3307 Reuchline,
503 3234 654 3310 neglectis
667 3234 823 3311 portentis
838 3234 872 3294 in
889 3233 1016 3295 christo
1030 3253 1087 3294 nos
1100 3234 1292 3295 oblectemus
1305 3237 1337 3294 et
1351 3233 1502 3295 honeetis·

300 3331 390 3392 simis
403 3332 545 3392 fruamur
554 3331 677 3391 studiis.

343 3430 500 3489 Dominus
520 3429 678 3489 Roffensis
697 3432 730 3488 et
750 3429 877 3490 Coletus
897 3428 978 3488 belle
998 3428 1114 3489 valent.
1157 3429 1274 3489 Omnes
1295 3430 1410 3490 eruditi
1434 3449 1502 3508 pro·

303 3528 396 3605 bique
409 3527 471 3586 viri
485 3529 515 3586 te
528 3529 644 3587 ament
688 3526 894 3603 Expostuleui
906 3546 980 3587 oum
994 3526 1112 3604 Dorpio
1131 3547 1227 3605 quere
1246 3527 1321 3588 haec
1334 3528 1503 3588 Academia

305 3646 338 3685 se
351 3626 531 3685 miscuisset
544 3627 599 3684 tuo
613 3624 758 3701 negotio:
779 3644 854 3684 nem
868 3624 963 3684 huius
977 3625 1060 3702 stylo
1074 3628 1106 3685 et
1120 3626 1258 3686 stultitia
1271 3625 1361 3685 abusi
1374 3628 1450 3685 sunt
1463 3626 1502 3687 ed
1517 3650 1546 3702 ¹5

305 3726 364 3783 hoc
378 3722 502 3799 negotii.
545 3722 580 3782 Is
592 3722 752 3799 respondit
765 3742 864 3783 vnum
873 3723 1052 3784 Adrianum
1063 3724 1159 3784 fuisse
1172 3724 1344 3795 authorem,
1358 3724 1408 3784 cui
1419 3743 1504 3785 nunc

303 3820 437 3898 contigit
451 3819 676 3892 cardinalatum
691 3840 749 3880 nec
758 3840 899 3897 vnquam
907 3823 1013 3880 tamen
1023 3821 1119 3882 fuisse
1128 3822 1321 3883 mentionem
1331 3822 1502 3899 haereseos,

303 3919 358 3978 sed
371 3937 514 3978 errorum
531 3917 690 3978 duntaxat.
734 3917 816 3992 Quid
835 3920 942 3978 autem
955 3923 1045 3980 vacat
1062 3922 1190 3981 errore?
1210 3920 1337 3980 tametsi
1350 3940 1407 3997 ego
1421 3920 1503 3981 nihil

304 4017 369 4076 illic
396 4015 510 4076 erroris
537 4015 635 4075 video.
693 4015 810 4076 Curaui
842 4015 986 4076 libellum
1014 4018 1125 4077 Latine
1152 4018 1339 4078 vertendum
1366 4039 1401 4079 ae
1431 4019 1503 4079 misi

305 4113 453 4173 Roffensi.
495 4113 582 4174 Bene
595 4113 675 4172 vale.
716 4112 852 4173 Louanii
865 4133 948 4174 xvir.
963 4115 1028 4177 cal.
1046 4116 1235 4177 Decembris.
1518 4144 1549 4179 ιο

343 4212 545 4288 Scripsissem
559 4211 721 4288 copiosius,
737 4212 792 4271 sed
806 4211 858 4271 hic
872 4211 1009 4274 incertus
1022 4217 1090 4274 erat
1103 4216 1351 4295 γραμματοφόρος.

339 4412 395 4459 712.
408 4427 448 4470 4⁰·
461 4412 543 4460 Anno
556 4449 562 4459 .
575 4447 582 4460 .
594 4425 634 4472 41.
648 4411 849 4460 decimooctauo
859 4415 915 4460 odd.
924 4416 956 4461 H.
1003 4413 1058 4462 713.
1072 4428 1094 4461 α.
1108 4412 1262 4461 sceleratior
1270 4414 1297 4465 β.
1355 4428 1379 4471 4.
1392 4412 1504 4461 lenones

304 4493 334 4526 ac
347 4481 445 4525 nantas
457 4493 501 4525 om,
514 4478 541 4529 β.
608 4477 773 4524 nominatim
785 4481 841 4526 oda
855 4478 880 4529 β.
996 4481 1021 4527 ό.
1040 4478 1112 4525 Proh
1124 4494 1168 4526 om.
1182 4479 1208 4530 β.
1325 4492 1349 4536 9.
1368 4476 1503 4540 planeque

302 4560 334 4591 a:
351 4543 434 4591 Plane
445 4544 471 4596 β.
589 4543 617 4591 id
629 4547 721 4603 scripsi,
733 4545 763 4602 cs.
777 4546 838 4600 nvp.
853 4558 909 4603 70⁰·
922 4558 960 4603 or,
976 4558 1032 4603 701.
1043 4559 1094 4603 23:
1113 4544 1136 4590 is
1148 4545 1190 4596 αβ.
1319 4557 1357 4592 11.
1375 4544 1404 4589 in
1417 4558 1463 4591 om.
1476 4546 1502 4598 β.

306 4624 343 4670 ¹3·
362 4609 495 4657 Dominus
505 4624 536 4656 a:
555 4608 627 4657 'liius
637 4610 663 4662 fl.
744 4623 782 4669 15.
799 4611 828 4656 et
839 4609 958 4657 stultitia
969 4624 1014 4659 orn.
1025 4610 1050 4661 B.
1131 4623 1171 4657 oo.
1188 4608 1245 4657 Gal.
1258 4612 1356 4667 eminet:
1376 4607 1504 4658 Calendis

300 4693 332 4723 a:
351 4674 407 4722 ΚΒ.
419 4675 446 4727 Β.
514 4674 676 4723 Decembres
686 4676 713 4727 β.

338 4859 394 4909 712.
412 4861 453 4918 38.
473 4857 658 4923 Franciscum]
671 4859 832 4911 Berckmsn.
960 4876 984 4920 3.
1004 4857 1109 4923 libello]
1121 4857 1161 4909 Oi.
1172 4859 1220 4921 Ep.
1232 4860 1289 4922 ⁶97·
1306 4874 1371 4910 ron.

338 4926 395 4976 713.
406 4940 429 4974 e.
443 4924 767 4989 RecutituslPiefferlrorn
776 4925 878 4989 ;ei.Ep.
964 4941 1001 4986 17·
1020 4925 1215 4990 cardinslatus]
1231 4926 1327 4976 rlnne
1342 4941 1412 4989 1517.

305 4996 363 5053 ⁶94·
377 5006 408 5052 34
421 5005 477 5053 seq.
965 5006 1002 5052 ¹9·
1023 4990 1159 5055 libellum]
1173 4992 1223 5041 See
1234 4992 1252 5041 l.
1266 5007 1290 5054 3.
