3867 6034
519 717 582 779 228
869 716 1058 780 LETTERS
1085 717 1139 780 OF
1165 716 1367 779 ERASMUS
1618 712 1719 798 [1518

520 873 589 949 Quo
611 873 771 934 stomacho
798 874 964 951 respondet
987 877 1020 934 et
1047 873 1186 934 minatur
1212 874 1402 952 Augustino,
1426 875 1508 952 quod
1537 875 1631 935 vnius
1659 874 1722 934 loci

519 971 750 1032 enarrationem
763 990 858 1032 ausus
871 971 913 1032 sit
926 971 1123 1033 conuellere!
1165 971 1246 1047 Quid
1261 975 1366 1033 autem
1385 973 1412 1033 si
1429 973 1485 1033 tali
1503 972 1614 1033 inisset
1632 974 1724 1033 aceto

518 1069 663 1147 perfusus
678 1068 764 1148 quali
780 1088 831 1128 me
848 1068 985 1146 perfudit
1004 1069 1127 1130 Faber?
1146 1069 1266 1131 amicus
1284 1089 1325 1131 an
1343 1071 1501 1145 inimicus,
1522 1070 1660 1147 prudens
1679 1090 1722 1131 an

459 1187 505 1237 ²45
519 1168 712 1246 imprudens,
725 1168 893 1245 instigatus
908 1187 951 1228 an
966 1187 1024 1229 sua
1039 1169 1159 1245 sponte,
1174 1167 1242 1228 ioco
1261 1189 1302 1228 an
1321 1169 1411 1244 serio,
1427 1167 1549 1230 sobrius
1563 1187 1605 1230 an
1618 1186 1718 1247 secus,

519 1266 586 1342 ipse
599 1264 733 1339 viderit;
754 1268 837 1325 cerie
850 1264 998 1342 perfudit.
1037 1266 1100 1326 Res
1113 1264 1182 1343 ipsa
1195 1265 1331 1326 nimium
1345 1270 1438 1327 extat.
1476 1267 1582 1343 Atque
1595 1265 1722 1325 vtinam

519 1364 643 1443 vtrique
665 1363 757 1425 liceat
779 1363 932 1425 inficiari!
957 1361 1031 1425 Non
1053 1384 1125 1426 sum
1142 1363 1208 1424 vllo
1225 1364 1320 1426 modo
1340 1386 1412 1426 cum
1434 1365 1629 1442 Hieronymo
1651 1384 1724 1425 con·

520 1461 676 1535 ferendus,
700 1482 756 1523 nec
774 1462 981 1523 sanctimonia
1001 1483 1058 1524 nec
1079 1462 1255 1525 emditione
1275 1482 1333 1523 nec
1354 1462 1522 1541 prudentia
1542 1481 1600 1523 nec
1619 1462 1722 1523 animi

519 1560 751 1634 moderatione;
772 1563 804 1621 et
821 1564 928 1620 tamen
948 1560 1036 1621 vides
1053 1565 1170 1639 quante
1187 1581 1281 1639 quam
1300 1560 1355 1621 ille
1373 1562 1530 1623 crudelius
1546 1560 1719 1633 lacessitus,

460 1678 508 1728 250
519 1660 636 1736 quanto
650 1677 700 1718 me
712 1662 802 1719 tuear
815 1658 948 1720 ciuilius

563 1755 714 1818 ‘Difficile
730 1759 777 1816 est
787 1756 795 1780 ’
807 1755 914 1832 inquis
931 1756 1095 1834 ‘gestienti
1108 1755 1181 1816 stilo
1195 1756 1370 1817 moderari!
1418 1756 1489 1817 Imo
1503 1757 1532 1816 si
1545 1756 1629 1817 dieta
1639 1756 1722 1817 mihi

519 1853 654 1914 luissent
682 1853 788 1915 omnia
814 1874 893 1932 quae
921 1873 992 1915 meo
1019 1853 1089 1914 iure
1123 1853 1224 1914 dicere
1255 1857 1403 1933 poteram,
1432 1856 1502 1915 tum
1530 1854 1723 1931 intelligeres

520 1955 675 2029 quantum
710 1952 809 2012 dolori
843 1971 907 2012 non
941 1952 1093 2025 donarim,
1124 1954 1279 2029 quantum
1313 1952 1531 2025 verecundiae,
1566 1955 1722 2030 quantum

520 2049 713 2110 humanitati
724 2051 834 2109 datum
847 2049 898 2110 sit.
940 2049 1167 2110 ‘Admonitum
1177 2051 1209 2109 te
1223 2049 1382 2128 oportuit'
1394 2050 1501 2127 inquis
1517 2051 1573 2109 ‘ne
1586 2068 1724 2110 cessasse

461 2165 506 2215 ²55
520 2146 627 2207 videar
645 2147 679 2207 in
698 2145 793 2206 amici
809 2145 990 2208 discrimine
999 2148 1015 2205 ’.
1061 2146 1158 2221 Quod,
1175 2145 1308 2221 ebsecro,
1324 2146 1491 2207 discrimen
1511 2149 1558 2206 est
1575 2147 1604 2206 si
1622 2148 1722 2207 mani·

521 2245 679 2305 sestarium
697 2244 835 2322 propello
853 2243 1070 2304 calumniam?
1111 2243 1197 2302 Num
1213 2244 1247 2303 in
1266 2247 1336 2305 tuto
1352 2244 1477 2305 iuturus
1493 2262 1588 2314 eram,
1604 2244 1722 2305 situlis

519 2341 852 2419 agnouissemelogia?
885 2341 1056 2402 AnIaeobi
1066 2341 1159 2402 Fabri
1169 2344 1291 2402 tantam
1303 2342 1458 2402 rationem
1468 2341 1576 2402 haberi
1584 2341 1720 2416 volebas,

521 2444 555 2500 vt
569 2460 626 2517 ego
639 2441 673 2500 in
688 2440 774 2500 illius
787 2440 919 2517 gratiam
932 2439 1135 2518 blasphemus
1152 2440 1186 2499 in
1203 2440 1365 2501 Christum
1384 2440 1491 2500 haberi
1507 2440 1723 2501 sustinerem?

521 2538 611 2613 Quod
634 2538 673 2599 ad
696 2557 765 2599 eam
786 2557 862 2598 sane
883 2557 1010 2598 carmem
1035 2538 1157 2614 attinet,
1181 2556 1237 2615 ego
1261 2538 1296 2598 in
1317 2541 1410 2615 portu
1431 2537 1545 2616 nauigo
1566 2538 1618 2599 vel
1638 2539 1721 2617 apud

462 2641 632 2714 stuparum
652 2654 749 2714 equos
769 2635 895 2696 iudices.
938 2637 1044 2714 Atque
1067 2635 1189 2696 vtinam
1212 2635 1311 2696 Faber
1332 2635 1389 2696 hac
1406 2635 1441 2695 in
1458 2639 1546 2712 parte
1562 2654 1654 2696 suam
1675 2637 1722 2697 in·

520 2734 699 2812 tegritatsm
720 2737 752 2794 et
772 2733 938 2794 candorem
959 2734 1041 2811 apud
1061 2735 1226 2795 vniueraos
1247 2736 1314 2793 tem
1332 2733 1413 2794 tueri
1431 2734 1531 2811 possit
1549 2753 1644 2812 quam
1664 2754 1723 2813 ego

520 2832 663 2910 cupiam!
700 2832 760 2908 Qui
774 2832 867 2893 illum
881 2834 1071 2893 amicissime
1084 2833 1264 2904 defendunt,
1280 2836 1448 2893 causantur
1457 2832 1558 2893 alieno
1568 2831 1723 2894 instinctu

519 2929 703 3007 perpulsum
729 2929 769 2991 ab
794 2929 897 2991 nescio
918 2930 1042 3008 quibus,
1067 2930 1121 3008 qui
1143 2949 1199 2989 nec
1223 2929 1272 2989 illi
1294 2949 1351 2989 nec
1381 2929 1461 2989 mihi
1490 2929 1569 2990 bene
1596 2931 1721 2991 volunt.

520 3027 617 3102 Quasi
638 3047 713 3089 vero
733 3028 854 3105 pondus
876 3027 988 3088 habeat
1008 3027 1191 3088 huiusmodi
1211 3027 1354 3104 purgatio
1375 3028 1409 3087 in
1429 3028 1497 3088 viro
1516 3030 1581 3088 tam
1597 3029 1725 3090 erudito

461 3130 507 3197 ²⁶⁵
521 3129 648 3204 tamque
662 3125 854 3204 philosopho,
870 3130 940 3187 tum
959 3128 1124 3204 prouectas
1137 3126 1256 3200 aetatis,
1272 3128 1428 3202 postremo
1447 3126 1482 3187 in
1502 3126 1724 3187 criminatione

521 3228 588 3285 tam
606 3224 712 3284 atroci.
754 3225 800 3286 At
812 3244 920 3285 vereor
933 3243 973 3284 ne
986 3223 1093 3301 plures
1108 3223 1173 3284 sint
1186 3222 1313 3284 illorum
1329 3226 1503 3285 sententiae
1517 3224 1724 3304 subscripturi

521 3322 575 3399 qui
589 3322 736 3383 dictitant
750 3322 845 3382 istam
863 3323 930 3381 tam
951 3321 1096 3398 supinam
1115 3320 1390 3382 debacchationem
1410 3323 1525 3400 partim
1545 3322 1584 3383 ab
1602 3322 1724 3400 insigni

520 3420 656 3497 quodam
678 3419 742 3480 mei
764 3420 956 3497 contemptu,
978 3419 1094 3496 partim
1117 3418 1157 3478 ab
1178 3418 1278 3496 ipsius
1302 3419 1506 3480 admiratione
1533 3421 1629 3481 luisse
1654 3441 1723 3499 pro·

520 3518 645 3578 sectam.
690 3516 760 3578 Hoc
789 3517 857 3591 sibi,
887 3517 1044 3595 inquiunt,
1073 3520 1275 3595 persuaserat,
1304 3538 1356 3578 me
1388 3518 1469 3578 nihil
1504 3519 1590 3579 aliud
1625 3539 1722 3597 quam

463 3615 737 3684 norhecorculum
760 3634 835 3688 esse,
858 3635 892 3675 se
911 3614 1143 3694 philosophum,
1165 3615 1356 3693 theologum,
1379 3619 1608 3694 mystagogum,
1632 3617 1724 3677 cuins

522 3714 628 3774 omnia
642 3714 726 3774 dicta
746 3712 941 3774 oraculorum
958 3714 1058 3773 instar
1073 3715 1196 3774 essent:
1218 3713 1300 3773 nihil
1314 3734 1333 3773 a
1345 3714 1402 3774 tali
1414 3715 1483 3774 viro
1500 3718 1566 3773 tam
1581 3716 1725 3792 neglecte

522 3834 611 3891 posse
626 3813 728 3887 scribi,
744 3814 828 3891 quod
846 3813 927 3873 mihi
948 3833 1012 3874 non
1033 3812 1105 3874 ilico
1124 3813 1268 3875 tenebras
1286 3812 1436 3874 (limerias
1449 3814 1633 3874 offunderet.
1678 3817 1724 3876 At

522 3912 704 3973 meminisse
720 3911 828 3971 debuit
849 3911 930 3972 nihil
947 3910 981 3971 in
998 3909 1090 3971 bellis
1110 3911 1314 3990 perniciosius
1331 3931 1425 3989 quam
1446 3931 1573 3988 prorsus
1587 3912 1721 3987 hostem,

523 4009 668 4088 quamuis
681 4008 885 4085 imbecillum,
902 4012 1110 4070 contemnere.

464 4125 509 4180 ²7⁵
564 4109 683 4168 Rursus
696 4107 751 4167 alii
765 4107 904 4167 iudicant
919 4106 1075 4167 offensum
1091 4106 1192 4181 illum,
1210 4107 1291 4183 quod
1308 4126 1326 4166 a
1346 4126 1379 4166 se
1399 4106 1432 4166 in
1454 4107 1725 4170 Annoiationibus

522 4207 602 4267 meis
615 4205 692 4266 locis
705 4204 823 4282 aliquot
839 4223 934 4265 ausus
951 4203 1013 4263 sim
1030 4203 1205 4277 dissentire,
1219 4204 1305 4265 hunc
1323 4204 1462 4281 loliginis
1479 4224 1607 4265 succum
1622 4207 1655 4265 in
1671 4227 1724 4268 me

524 4303 662 4365 vicissim
685 4303 851 4376 effudiss03
879 4301 1024 4363 videlicet
1048 4322 1103 4379 pro
1127 4301 1234 4377 officio,
1252 4322 1318 4382 ¹pro
1340 4321 1401 4379 quo
1422 4322 1479 4380 par
1501 4304 1566 4362 erat
1587 4305 1723 4380 gratiam

558 4449 615 4494 242.
633 4434 720 4486 etad:
738 4430 819 4481 acD'.
946 4433 1003 4491 246.
1021 4431 1072 4480 Res
1157 4445 1213 4492 247·
1234 4429 1350 4479 inficiari
1363 4435 1419 4480 add.
1432 4435 1461 4481 D.
1597 4433 1653 4492 248.
1672 4446 1723 4483 nec

524 4500 677 4549 eruditione
689 4500 745 4546 add.
758 4502 786 4546 D.
919 4498 976 4557 256.
993 4496 1066 4545 Num
1079 4532 1085 4545 .
1098 4533 1103 4545 .
1115 4533 1122 4546 .
1136 4510 1194 4557 257.
1211 4496 1298 4559 elogia
1314 4501 1371 4546 odd.
1386 4501 1415 4545 D.
1546 4509 1601 4556 259.
1618 4498 1682 4546 vel.
1697 4535 1722 4549 ..

524 4568 580 4679 :23⁸
595 4565 701 4677 didm
712 4568 768 4677 qq}
781 4566 850 4677 liam
862 4642 898 4675 om
920 4563 995 4680 Bm
1012 4561 1238 4689 Aatgsseduictitbgt
1249 4626 1291 4673 α’·
1308 4565 1546 4677 axisiirhabblbllue
1557 4562 1722 4688 phigqqoqlqo

525 4697 624 4758 quiunt
635 4699 692 4743 add.
704 4698 733 4743 D.
867 4707 923 4754 ²¹10·
941 4693 1126 4742 rhetoroulum
1137 4692 1179 4742 ⁰¹:
1197 4691 1362 4741 rhetoricum
1375 4691 1410 4741 αἱ.
1537 4707 1593 4753 273.
1612 4708 1722 4755 promus

524 4777 569 4809 mn.
585 4765 613 4808 D.
713 4774 770 4817 277.
787 4794 794 4821 ,
808 4757 936 4807 videlicet
947 4773 994 4823 pro
1004 4775 1036 4809 a:
1055 4757 1210 4820 ,vicenas
1223 4773 1324 4821 proque
1336 4760 1397 4811 Dii:
1416 4758 1551 4819 videlicet,
1564 4772 1667 4820 proque
1679 4763 1709 4810 Ε.

557 4891 613 4936 943.
633 4843 779 4937 unffi
788 4874 853 4923 Hor.
867 4879 893 4923 S.
910 4889 931 4924 r.
947 4890 969 4935 7.
982 4889 1022 4936 32·
1181 4887 1237 4935 ssa
1256 4875 1285 4923 in
1296 4873 1388 4938 portu]
1399 4874 1457 4923 Ter.
1470 4879 1549 4923 Andr.
1563 4875 1620 4933 480.

557 4954 614 5004 ²5¹·
631 4941 724 5003 inquis
750 4940 798 5002 Ep.
813 4955 869 5002 744.
882 4941 921 5000 84.
1181 4942 1236 5001 276.
1256 4938 1411 5003 dissentire]
1425 4939 1463 4988 (li.
1478 4941 1526 5001 Ep.
1540 4953 1597 4999 337.
1609 4941 1666 5000 850.

557 5021 614 5069 254.
632 5006 723 5068 inquis
748 5006 796 5068 Ep.
811 5020 866 5067 744.
877 5006 944 5067 ⁸72⁸·
1215 5004 1349 5069 loliginis]
1361 5004 1401 5054 cf.
1416 5004 1482 5055 Hor.
1495 5010 1521 5055 S.
1538 5021 1560 5055 1.
1573 5021 1597 5063 4.
1613 5019 1668 5054 100.
