3867 6034
455 697 517 758 aco
806 697 997 762 Lamnas
1025 700 1079 763 or
1104 698 1304 762 nsssuus
1561 696 1661 781 [1518

410 856 632 925 15fortunulas
652 855 790 917 hominis
815 875 883 918 esse
913 856 1051 918 minores
1078 876 1172 935 quarn
1201 860 1236 917 vt
1265 876 1340 917 eum
1369 856 1504 918 Louanii
1531 856 1656 934 possint

451 952 554 1028 alere3
576 953 629 1013 vbi
648 954 712 1014 iam
733 974 857 1015 menses
876 955 998 1033 aliquot
1026 973 1089 1015 non
1119 953 1187 1015 sine
1216 954 1379 1032 dispendio
1408 954 1498 1028 sedit,
1521 954 1599 1015 adeo
1620 959 1657 1015 vt

451 1053 579 1129 cogatur
609 1052 647 1112 de
677 1053 819 1129 augenda
847 1052 993 1114 alicunde
1021 1053 1147 1114 fortuna
1175 1051 1318 1130 cogitare.
1371 1052 1479 1113 Refert
1509 1051 1655 1113 omnium

452 1152 596 1209 nostrum
624 1148 720 1210 talem
750 1150 855 1211 virum
883 1149 1018 1211 Louanii
1049 1148 1186 1225 retineri,
1209 1170 1272 1227 quo
1303 1149 1411 1211 lumen
1440 1149 1528 1211 illius
1557 1149 1660 1211 latius

452 1244 560 1307 luceat
605 1246 710 1308 Refert
729 1251 763 1309 et
781 1268 852 1309 mea
877 1247 1050 1326 priuatim
1078 1266 1149 1308 cum
1178 1247 1265 1308 enim
1286 1247 1392 1309 abesae
1420 1267 1509 1325 cogar
1529 1247 1570 1309 ad
1599 1267 1655 1309 sex

408 1346 507 1412 „aut
526 1346 597 1405 octe
617 1363 748 1420 menses,
772 1345 970 1407 decreueram
989 1344 1063 1405 huic
1084 1365 1158 1423 opes
1175 1364 1272 1419 meas,
1292 1344 1351 1406 hoc
1371 1348 1419 1405 est
1440 1345 1545 1420 libros,
1568 1365 1655 1407 com·

451 1442 600 1502 mendara
619 1461 683 1503 non
705 1442 798 1503 modo
818 1443 989 1504 seruandos
1009 1462 1120 1503 verum
1140 1441 1236 1503 etiam
1256 1443 1413 1517 fruendos,
1430 1444 1559 1521 quicum
1573 1442 1657 1505 mihi

451 1540 527 1617 puto
541 1538 622 1600 nihil
636 1559 701 1600 non
714 1560 781 1602 esse
795 1559 972 1601 commune.
1002 1538 1200 1601 Retinebitur
1213 1544 1319 1601 autem
1330 1542 1453 1619 siquod
1464 1542 1498 1601 in
1509 1540 1656 1603 Hebraeo

450 1636 567 1697 tactum
576 1640 632 1711 est,
644 1637 728 1698 idem
741 1637 776 1699 in
790 1638 849 1699 hoc
863 1638 928 1713 fiat,
939 1637 1084 1700 videlicet
1097 1640 1133 1697 vt
1147 1636 1197 1697 illi
1210 1637 1360 1699 salarium
1373 1638 1555 1717 designetur
1566 1639 1660 1701 illius

450 1733 623 1795 virtutibus
635 1735 777 1813 dignum.
812 1734 921 1814 Neque
935 1735 1045 1796 dubito
1055 1734 1133 1814 quin
1146 1734 1226 1795 illud
1238 1735 1397 1813 intelligat
1407 1739 1462 1798 tua
1475 1737 1653 1815 prudentia,

406 1850 436 1900 ²5
450 1831 545 1893 huius
554 1833 779 1910 professionem
790 1833 883 1912 longe
895 1832 969 1911 plus
982 1831 1161 1894 habituram
1172 1833 1293 1910 negocii
1307 1852 1401 1911 quam
1415 1833 1563 1896 Hebraei.
1592 1833 1658 1895 Ille

450 1930 547 1991 tradit
566 1931 745 1992 rudimenta
764 1930 903 2006 rudibus,
928 1929 987 1992 iste
1006 1934 1054 1991 tot
1072 1930 1206 1992 eruditis
1226 1934 1355 2007 cogetur
1374 1932 1560 1993 satisfacere.
1605 1934 1654 1993 De

450 2027 552 2104 domo,
567 2048 625 2090 suo
638 2030 693 2090 fiet
706 2032 847 2107 tempore
862 2030 945 2107 quod
958 2028 1138 2090 faciendum
1152 2031 1209 2090 est.
1242 2028 1309 2107 Ego
1322 2030 1530 2107 professiones
1543 2030 1655 2091 statim

449 2145 560 2187 censeo
579 2127 741 2203 ineundas,
755 2147 796 2188 ne
814 2148 864 2189 res
882 2126 1010 2189 interim
1028 2127 1184 2206 frigescat,
1202 2129 1256 2188 aut
1276 2147 1316 2187 ne
1333 2127 1405 2206 quis
1421 2128 1524 2188 malus
1541 2128 1660 2206 genius

449 2244 516 2285 rem
529 2225 700 2286 salutarem
715 2225 862 2286 omnibus
875 2226 1071 2287 interturbet.
1119 2225 1217 2287 Crede
1229 2225 1317 2299 mihi,
1333 2225 1580 2303 theologicorum
1594 2226 1653 2287 ccl·

406 2341 437 2390 30
450 2321 602 2401 legiorum
616 2323 740 2385 abunde
754 2324 830 2385 satis
846 2323 914 2400 erit,
931 2326 963 2385 et
982 2322 1263 2402 questionariorum
1281 2323 1395 2401 vbique
1413 2324 1485 2402 plus
1502 2325 1580 2385 satis
1589 2344 1599 2399 ς
1621 2329 1654 2385 at

450 2419 508 2480 hoc
529 2420 778 2497 pulcherrimum
791 2422 964 2499 negocium,
981 2421 1095 2482 nisiex
1110 2420 1246 2481 Buslidii
1259 2420 1366 2481 animo
1380 2421 1571 2496 successerit,
1586 2441 1653 2482 non

449 2517 542 2578 video
562 2538 619 2595 per
643 2539 736 2596 quem
760 2522 859 2597 possit
886 2520 1065 2581 instaurari.
1109 2517 1195 2578 Haec
1218 2538 1282 2580 vna
1305 2538 1355 2579 res
1379 2520 1522 2580 omnium
1545 2518 1657 2581 studia

449 2635 468 2676 a
495 2613 631 2676 turbidis
666 2616 786 2678 lacunis
822 2618 860 2678 ad
898 2617 1027 2678 diuinae
1059 2617 1238 2694 Scripturas
1268 2615 1509 2694 limpidissimos
1536 2616 1658 2679 fonteis

450 2713 617 2774 reuccabit.

405 2853 436 2901 35
490 2812 539 2872 De
552 2813 669 2874 Graeco
687 2814 870 2874 accersendo
888 2813 1031 2874 narrabis
1049 2811 1179 2874 Borsalo
1197 2812 1272 2890 quid
1290 2811 1380 2873 vobis
1400 2814 1442 2873 sit
1458 2813 1654 2875 sententiae:

450 2909 480 2970 is
495 2908 555 2970 tibi
572 2909 714 2972 vicissim
733 2929 842 2973 meum
863 2911 976 2973 referet
995 2909 1146 2971 animum.
1191 2909 1298 2971 Nolim
1320 2929 1371 2971 me
1392 2911 1493 2973 alieno
1511 2912 1657 2990 ingerere

451 3007 586 3086 negocio,
610 3009 793 3085 praesertim
816 3029 889 3069 cum
908 3009 958 3069 hic
979 3008 1061 3070 mibi
1083 3027 1141 3069 nec
1160 3011 1283 3068 seratur
1304 3027 1361 3069 nec
1386 3011 1543 3084 metatur;
1563 3009 1657 3070 faueo

450 3110 557 3167 tamen
582 3106 712 3167 utilitati
735 3106 886 3184 publicae,
915 3108 1006 3168 faueo
1035 3105 1203 3167 memoriae
1231 3106 1344 3183 optimi
1371 3105 1434 3167 viri
1461 3106 1653 3185 Hieronymi

451 3203 648 3265 Buslidiani:
665 3223 759 3283 quam
781 3224 837 3283 ego
859 3226 923 3266 non
945 3205 1050 3266 sinam
1072 3202 1209 3277 interire,
1233 3203 1354 3282 siquid
1377 3205 1507 3265 omnino
1529 3207 1657 3265 nostrae

404 3319 437 3369 40
450 3305 598 3380 poterunt
620 3299 750 3364 litterae.
793 3302 962 3382 Epitaphia
982 3305 1082 3378 mitte,
1100 3321 1164 3363 non
1185 3300 1289 3379 qualis
1308 3302 1489 3363 merebatur
1509 3302 1573 3377 ille,
1597 3305 1652 3364 sed

450 3400 555 3479 qualia
568 3419 627 3461 nos
639 3403 795 3477 praestare
808 3400 979 3478 potuimus,
991 3400 1054 3461 iam
1068 3400 1161 3461 annis
1175 3399 1294 3477 aliquot
1306 3398 1341 3460 in
1355 3399 1414 3460 hoc
1428 3400 1527 3461 studii
1539 3419 1656 3478 genere

450 3500 619 3572 versantes,
635 3513 696 3576 quo
710 3517 774 3559 non
788 3497 873 3559 aliud
882 3497 923 3559 ab
932 3497 1108 3575 eloquentia
1123 3496 1285 3571 diuersius,
1297 3498 1481 3574 praesertim
1492 3500 1652 3559 carminis.

450 3596 574 3675 Siquid
588 3596 728 3676 censebis
741 3597 936 3672 mutandum,
954 3617 1026 3658 cum
1040 3595 1171 3657 Borsalo
1188 3593 1404 3671 communica;
1424 3596 1452 3656 is
1466 3595 1548 3657 mihi
1563 3599 1660 3658 tuam¹

439 3694 638 3755 ‘sententiam
665 3692 844 3773 perscribat.
898 3695 985 3755 Bene
1009 3694 1079 3756 vale
1107 3692 1233 3754 Christo
1258 3693 1387 3754 custode
1414 3693 1572 3772 so(s>pes,
1602 3697 1656 3756 vir

405 3812 435 3862 4⁵
451 3791 658 3854 ornatissime.
702 3791 835 3854 Louanii
859 3808 885 3868 7.
908 3792 973 3854 Cal.
997 3791 1098 3871 April.
1122 3793 1374 3852 An.rr.n.xv111.

1180 3912 1332 3975 Erasmus
1353 3885 1412 3975 tibi
1425 3914 1653 3978 deditissimus.

755 4113 871 4179 τιῡ806.
915 4113 964 4179 To
987 4111 1150 4181 R1cnsan
1173 4114 1342 4180 Ssursorr.

484 4249 650 4306 Auctanum
663 4269 691 4321 p.
707 4265 765 4321 139.
1432 4251 1567 4308 Louvain.

485 4338 517 4394 F.
529 4356 557 4408 p.
574 4354 639 4407 142:
657 4338 726 4394 HN:
747 4337 835 4394 [end.
848 4337 888 4394 iii.
902 4351 933 4410 5:
955 4337 1010 4393 bB.
1024 4352 1086 4408 352.
1385 4336 1521 4410 (March)
1538 4341 1617 4410 1518.

510 4472 664 4523 masma
686 4475 938 4525 sermonumve
960 4475 1087 4523 immo
1109 4474 1203 4522 IVRIS
1225 4475 1417 4533 VTRIVSQVE
1439 4475 1590 4525 nocuum

812 4578 993 4628 RIOHARDO
1016 4577 1184 4626 SAMPSONI
1208 4578 1233 4627 S.
1250 4578 1281 4626 D.
1675 4570 1677 4573 ’

491 4698 616 4775 lunare,
633 4704 668 4761 it
683 4699 802 4776 scribis,
818 4699 1018 4762 ornatissime
1033 4696 1194 4772 Richards,
1208 4718 1299 4760 verae
1311 4701 1550 4762 necessitudinis
1563 4721 1654 4780 argu·

448 4799 594 4859 mentum
608 4803 663 4871 est,
681 4799 763 4877 quod
778 4801 825 4860 tot
838 4799 970 4859 eximios
982 4799 1100 4860 amicos
1113 4795 1265 4858 habemus
1278 4796 1433 4859 internos
1446 4818 1630 4861 communes
1643 4821 1651 4872 ;

481 4977 539 5027 805.
557 4973 597 5038 ar.
617 4974 908 5040 nortmannicam
922 4973 1024 5025 introd.
1105 4988 1146 5035 4ο.
1165 4973 1324 5038 Epitaphia]
1336 4975 1375 5026 ct.
1392 4975 1457 5038 lipp.
1470 4978 1528 5041 699,
1542 4978 1601 5037 ⁸⁰4·
