<?xml version="1.0" encoding="UTF-8"?>
<!DOCTYPE html PUBLIC "-//W3C//DTD XHTML 1.0 Transitional//EN"
    "http://www.w3.org/TR/xhtml1/DTD/xhtml1-transitional.dtd">
<html xmlns="http://www.w3.org/1999/xhtml" xml:lang="en" lang="en">
 <head>
  <title>
</title>
<meta http-equiv="Content-Type" content="text/html;charset=utf-8" />
  <meta name='ocr-system' content='tesseract 3.04.00' />
  <meta name='ocr-capabilities' content='ocr_page ocr_carea ocr_par ocr_line ocrx_word'/>
</head>
<body>
  <div class='ocr_page' id='page_1' title='image "./opusepistolarum03garrgoog_0512.png"; bbox 0 0 3867 6034; ppageno 0'>
   <div class='ocr_carea' id='block_1_1' title="bbox 402 705 1611 792">
    <p class='ocr_par' dir='ltr' id='par_1_1' title="bbox 402 705 1611 792">
     <span class='ocr_line' id='line_1_1' title="bbox 402 705 1611 792; baseline 0.002 -24"><span class='ocrx_word' id='word_1_1' title='bbox 402 707 464 768; x_wconf 79' lang='grc'><strong>480</strong></span> <span class='ocrx_word' id='word_1_2' title='bbox 751 710 941 773; x_wconf 67' lang='lat' dir='ltr'><strong>Lamnus</strong></span> <span class='ocrx_word' id='word_1_3' title='bbox 968 712 1023 774; x_wconf 83' lang='lat' dir='ltr'><strong>OF</strong></span> <span class='ocrx_word' id='word_1_4' title='bbox 1049 710 1252 773; x_wconf 66' lang='lat' dir='ltr'><strong>Erasmus</strong></span> <span class='ocrx_word' id='word_1_5' title='bbox 1512 705 1611 792; x_wconf 80' lang='lat'>[1518</span> 
     </span>
    </p>
   </div>
   <div class='ocr_carea' id='block_1_2' title="bbox 343 863 1611 4281">
    <p class='ocr_par' dir='ltr' id='par_1_2' title="bbox 405 863 1611 1145">
     <span class='ocr_line' id='line_1_2' title="bbox 405 863 1610 946; baseline 0.001 -21"><span class='ocrx_word' id='word_1_6' title='bbox 405 863 551 941; x_wconf 86' lang='lat' dir='ltr'><strong>compita,</strong></span> <span class='ocrx_word' id='word_1_7' title='bbox 567 884 624 941; x_wconf 89' lang='lat' dir='ltr'><strong>per</strong></span> <span class='ocrx_word' id='word_1_8' title='bbox 638 865 741 940; x_wconf 89' lang='lat' dir='ltr'><strong>triuia,</strong></span> <span class='ocrx_word' id='word_1_9' title='bbox 756 888 811 944; x_wconf 92' lang='lat' dir='ltr'><strong>per</strong></span> <span class='ocrx_word' id='word_1_10' title='bbox 824 868 897 942; x_wconf 84' lang='lat' dir='ltr'><strong>fora,</strong></span> <span class='ocrx_word' id='word_1_11' title='bbox 913 888 970 946; x_wconf 90' lang='lat' dir='ltr'><strong>per</strong></span> <span class='ocrx_word' id='word_1_12' title='bbox 983 868 1111 946; x_wconf 86' lang='lat' dir='ltr'><strong>templa,</strong></span> <span class='ocrx_word' id='word_1_13' title='bbox 1126 888 1181 945; x_wconf 92' lang='lat' dir='ltr'><strong>per</strong></span> <span class='ocrx_word' id='word_1_14' title='bbox 1194 865 1390 929; x_wconf 81' lang='lat' dir='ltr'><strong>monasteria.</strong></span> <span class='ocrx_word' id='word_1_15' title='bbox 1434 864 1528 926; x_wconf 82' lang='lat' dir='ltr'>Nulli</span> <span class='ocrx_word' id='word_1_16' title='bbox 1545 884 1610 927; x_wconf 88' lang='lat' dir='ltr'><strong>non</strong></span> 
     </span>
     <span class='ocr_line' id='line_1_3' title="bbox 405 961 1610 1045; baseline 0.003 -22"><span class='ocrx_word' id='word_1_17' title='bbox 405 961 508 1023; x_wconf 90' lang='lat' dir='ltr'><strong>mittit</strong></span> <span class='ocrx_word' id='word_1_18' title='bbox 524 963 670 1039; x_wconf 86' lang='lat' dir='ltr'><strong>epistolas</strong></span> <span class='ocrx_word' id='word_1_19' title='bbox 683 966 931 1029; x_wconf 74' lang='lat' dir='ltr'><strong>mendacissimis</strong></span> <span class='ocrx_word' id='word_1_20' title='bbox 945 968 1162 1045; x_wconf 74' lang='lat' dir='ltr'><strong>sycophantiis</strong></span> <span class='ocrx_word' id='word_1_21' title='bbox 1179 968 1327 1029; x_wconf 80' lang='lat' dir='ltr'><strong>differtus.</strong></span> <span class='ocrx_word' id='word_1_22' title='bbox 1369 964 1480 1043; x_wconf 86' lang='lat' dir='ltr'><strong>Neque</strong></span> <span class='ocrx_word' id='word_1_23' title='bbox 1493 965 1610 1027; x_wconf 89' lang='lat' dir='ltr'><strong>desunt</strong></span> 
     </span>
     <span class='ocr_line' id='line_1_4' title="bbox 405 1060 1611 1145; baseline 0.004 -25"><span class='ocrx_word' id='word_1_24' title='bbox 405 1060 479 1121; x_wconf 92' lang='lat' dir='ltr'><strong>huic</strong></span> <span class='ocrx_word' id='word_1_25' title='bbox 486 1060 694 1139; x_wconf 88' lang='lat' dir='ltr'><strong>histrioniqui</strong></span> <span class='ocrx_word' id='word_1_26' title='bbox 701 1065 960 1143; x_wconf 73' lang='lat' dir='ltr'><strong>applaudantqui</strong></span> <span class='ocrx_word' id='word_1_27' title='bbox 967 1066 1104 1141; x_wconf 82' lang='lat' dir='ltr'><strong>faueant,</strong></span> <span class='ocrx_word' id='word_1_28' title='bbox 1111 1066 1165 1142; x_wconf 91' lang='lat' dir='ltr'><strong>qui</strong></span> <span class='ocrx_word' id='word_1_29' title='bbox 1173 1064 1611 1145; x_wconf 56' lang='lat' dir='ltr'><strong>‘ripe’occinantmtomnino</strong></span> 
     </span>
    </p>

    <p class='ocr_par' dir='ltr' id='par_1_3' title="bbox 344 1159 1611 1632">
     <span class='ocr_line' id='line_1_5' title="bbox 344 1159 1610 1237; baseline 0 -15"><span class='ocrx_word' id='word_1_30' title='bbox 344 1172 393 1237; x_wconf 88' lang='lat'><strong>4⁶0</strong></span> <span class='ocrx_word' id='word_1_31' title='bbox 405 1159 526 1218; x_wconf 87' lang='lat' dir='ltr'><strong>similes</strong></span> <span class='ocrx_word' id='word_1_32' title='bbox 545 1160 707 1237; x_wconf 89' lang='lat' dir='ltr'><strong>reperiunt</strong></span> <span class='ocrx_word' id='word_1_33' title='bbox 726 1160 814 1222; x_wconf 88' lang='lat' dir='ltr'><strong>labra</strong></span> <span class='ocrx_word' id='word_1_34' title='bbox 833 1162 976 1224; x_wconf 78' lang='lat' dir='ltr'><strong>lactucae</strong></span> <span class='ocrx_word' id='word_1_35' title='bbox 1017 1163 1060 1224; x_wconf 78' lang='lat' dir='ltr'><strong>nt</strong></span> <span class='ocrx_word' id='word_1_36' title='bbox 1082 1183 1155 1224; x_wconf 91' lang='lat' dir='ltr'><strong>cum</strong></span> <span class='ocrx_word' id='word_1_37' title='bbox 1179 1162 1231 1223; x_wconf 90' lang='lat' dir='ltr'><strong>his</strong></span> <span class='ocrx_word' id='word_1_38' title='bbox 1251 1162 1342 1222; x_wconf 84' lang='lat' dir='ltr'><strong>lactis</strong></span> <span class='ocrx_word' id='word_1_39' title='bbox 1363 1160 1425 1221; x_wconf 92' lang='lat' dir='ltr'><strong>sibi</strong></span> <span class='ocrx_word' id='word_1_40' title='bbox 1446 1160 1610 1222; x_wconf 73' lang='lat' dir='ltr'><strong>sanctulus</strong></span> 
     </span>
     <span class='ocr_line' id='line_1_6' title="bbox 405 1257 1610 1336; baseline 0.002 -20"><span class='ocrx_word' id='word_1_41' title='bbox 405 1257 500 1317; x_wconf 89' lang='lat' dir='ltr'><strong>etiam</strong></span> <span class='ocrx_word' id='word_1_42' title='bbox 523 1258 656 1335; x_wconf 83' lang='lat' dir='ltr'><strong>videtur,</strong></span> <span class='ocrx_word' id='word_1_43' title='bbox 682 1260 772 1336; x_wconf 88' lang='lat' dir='ltr'><strong>quasi</strong></span> <span class='ocrx_word' id='word_1_44' title='bbox 795 1261 929 1322; x_wconf 84' lang='lat' dir='ltr'><strong>sufficiat</strong></span> <span class='ocrx_word' id='word_1_45' title='bbox 952 1260 991 1321; x_wconf 89' lang='lat' dir='ltr'><strong>ad</strong></span> <span class='ocrx_word' id='word_1_46' title='bbox 1019 1260 1198 1321; x_wconf 76' lang='lat' dir='ltr'><strong>absolutam</strong></span> <span class='ocrx_word' id='word_1_47' title='bbox 1226 1258 1453 1321; x_wconf 79' lang='lat' dir='ltr'><strong>sanctimoniae</strong></span> <span class='ocrx_word' id='word_1_48' title='bbox 1481 1258 1610 1319; x_wconf 86' lang='lat' dir='ltr'><strong>laudem</strong></span> 
     </span>
     <span class='ocr_line' id='line_1_7' title="bbox 404 1354 1610 1433; baseline 0.002 -19"><span class='ocrx_word' id='word_1_49' title='bbox 404 1354 581 1415; x_wconf 88' lang='lat' dir='ltr'><strong>adulterum</strong></span> <span class='ocrx_word' id='word_1_50' title='bbox 605 1360 660 1417; x_wconf 89' lang='lat' dir='ltr'><strong>aut</strong></span> <span class='ocrx_word' id='word_1_51' title='bbox 682 1358 850 1418; x_wconf 77' lang='lat' dir='ltr'><strong>aleatorem</strong></span> <span class='ocrx_word' id='word_1_52' title='bbox 876 1377 940 1419; x_wconf 92' lang='lat' dir='ltr'><strong>non</strong></span> <span class='ocrx_word' id='word_1_53' title='bbox 964 1377 1039 1419; x_wconf 83' lang='lat' dir='ltr'><strong>esse</strong></span> <span class='ocrx_word' id='word_1_54' title='bbox 1091 1358 1241 1419; x_wconf 86' lang='lat' dir='ltr'><strong>Nondum</strong></span> <span class='ocrx_word' id='word_1_55' title='bbox 1266 1357 1364 1417; x_wconf 84' lang='lat' dir='ltr'><strong>statui</strong></span> <span class='ocrx_word' id='word_1_56' title='bbox 1387 1356 1463 1433; x_wconf 93' lang='lat' dir='ltr'><strong>quid</strong></span> <span class='ocrx_word' id='word_1_57' title='bbox 1489 1356 1529 1416; x_wconf 89' lang='lat' dir='ltr'><strong>ds</strong></span> <span class='ocrx_word' id='word_1_58' title='bbox 1554 1355 1610 1416; x_wconf 92' lang='lat' dir='ltr'><strong>illo</strong></span> 
     </span>
     <span class='ocr_line' id='line_1_8' title="bbox 404 1454 1611 1531; baseline -0.001 -16"><span class='ocrx_word' id='word_1_59' title='bbox 404 1454 543 1515; x_wconf 84' lang='lat' dir='ltr'><strong>facturus</strong></span> <span class='ocrx_word' id='word_1_60' title='bbox 564 1456 634 1516; x_wconf 87' lang='lat' dir='ltr'><strong>sim.</strong></span> <span class='ocrx_word' id='word_1_61' title='bbox 686 1456 721 1517; x_wconf 83' lang='lat' dir='ltr'><strong>si</strong></span> <span class='ocrx_word' id='word_1_62' title='bbox 744 1457 855 1517; x_wconf 79' lang='lat' dir='ltr'><strong>vicerit</strong></span> <span class='ocrx_word' id='word_1_63' title='bbox 879 1476 982 1517; x_wconf 87' lang='lat' dir='ltr'><strong>meam</strong></span> <span class='ocrx_word' id='word_1_64' title='bbox 1009 1456 1182 1531; x_wconf 88' lang='lat' dir='ltr'><strong>lenitatem,</strong></span> <span class='ocrx_word' id='word_1_65' title='bbox 1206 1457 1279 1516; x_wconf 83' lang='lat' dir='ltr'><strong>faxo</strong></span> <span class='ocrx_word' id='word_1_66' title='bbox 1306 1459 1344 1516; x_wconf 83' lang='lat' dir='ltr'><strong>vt</strong></span> <span class='ocrx_word' id='word_1_67' title='bbox 1370 1473 1433 1516; x_wconf 92' lang='lat' dir='ltr'><strong>non</strong></span> <span class='ocrx_word' id='word_1_68' title='bbox 1458 1454 1611 1515; x_wconf 89' lang='lat' dir='ltr'><strong>omnibus</strong></span> 
     </span>
     <span class='ocr_line' id='line_1_9' title="bbox 404 1553 1607 1632; baseline 0 -19"><span class='ocrx_word' id='word_1_69' title='bbox 404 1570 503 1630; x_wconf 77' lang='lat' dir='ltr'><strong>esque</strong></span> <span class='ocrx_word' id='word_1_70' title='bbox 526 1554 647 1631; x_wconf 88' lang='lat' dir='ltr'><strong>placeat</strong></span> <span class='ocrx_word' id='word_1_71' title='bbox 669 1574 704 1615; x_wconf 88' lang='lat' dir='ltr'><strong>ae</strong></span> <span class='ocrx_word' id='word_1_72' title='bbox 728 1556 829 1632; x_wconf 90' lang='lat' dir='ltr'><strong>placet</strong></span> <span class='ocrx_word' id='word_1_73' title='bbox 853 1555 923 1616; x_wconf 82' lang='lat' dir='ltr'><strong>sibi</strong></span> <span class='ocrx_word' id='word_1_74' title='bbox 976 1556 1065 1616; x_wconf 89' lang='lat' dir='ltr'><strong>Nihil</strong></span> <span class='ocrx_word' id='word_1_75' title='bbox 1087 1556 1174 1616; x_wconf 88' lang='lat' dir='ltr'><strong>aliud</strong></span> <span class='ocrx_word' id='word_1_76' title='bbox 1195 1556 1231 1616; x_wconf 92' lang='lat' dir='ltr'><strong>iu</strong></span> <span class='ocrx_word' id='word_1_77' title='bbox 1253 1554 1425 1632; x_wconf 89' lang='lat' dir='ltr'><strong>praesentia</strong></span> <span class='ocrx_word' id='word_1_78' title='bbox 1446 1553 1607 1631; x_wconf 91' lang='lat' dir='ltr'><strong>polliceor,</strong></span> 
     </span>
    </p>

    <p class='ocr_par' dir='ltr' id='par_1_4' title="bbox 343 1651 1610 1831">
     <span class='ocr_line' id='line_1_10' title="bbox 343 1651 1610 1730; baseline -0.002 -17"><span class='ocrx_word' id='word_1_79' title='bbox 343 1662 391 1728; x_wconf 86' lang='lat'><strong>4⁶5</strong></span> <span class='ocrx_word' id='word_1_80' title='bbox 404 1670 478 1710; x_wconf 92' lang='lat' dir='ltr'><strong>cum</strong></span> <span class='ocrx_word' id='word_1_81' title='bbox 500 1651 555 1711; x_wconf 90' lang='lat' dir='ltr'><strong>ille</strong></span> <span class='ocrx_word' id='word_1_82' title='bbox 579 1653 768 1730; x_wconf 90' lang='lat' dir='ltr'><strong>plusquam</strong></span> <span class='ocrx_word' id='word_1_83' title='bbox 791 1656 915 1714; x_wconf 86' lang='lat' dir='ltr'><strong>montes</strong></span> <span class='ocrx_word' id='word_1_84' title='bbox 935 1672 1045 1715; x_wconf 88' lang='lat' dir='ltr'><strong>aureos</strong></span> <span class='ocrx_word' id='word_1_85' title='bbox 1067 1654 1105 1715; x_wconf 92' lang='lat' dir='ltr'><strong>de</strong></span> <span class='ocrx_word' id='word_1_86' title='bbox 1129 1672 1163 1714; x_wconf 91' lang='lat' dir='ltr'><strong>se</strong></span> <span class='ocrx_word' id='word_1_87' title='bbox 1188 1652 1391 1730; x_wconf 88' lang='lat' dir='ltr'><strong>polliceatur;</strong></span> <span class='ocrx_word' id='word_1_88' title='bbox 1412 1652 1610 1729; x_wconf 84' lang='lat' dir='ltr'><strong>efficiamque</strong></span> 
     </span>
     <span class='ocr_line' id='line_1_11' title="bbox 404 1751 1219 1831; baseline 0.004 -22"><span class='ocrx_word' id='word_1_89' title='bbox 404 1752 440 1809; x_wconf 89' lang='lat' dir='ltr'><strong>vt</strong></span> <span class='ocrx_word' id='word_1_90' title='bbox 452 1769 491 1810; x_wconf 86' lang='lat' dir='ltr'><strong>ex</strong></span> <span class='ocrx_word' id='word_1_91' title='bbox 505 1769 557 1811; x_wconf 90' lang='lat' dir='ltr'><strong>me</strong></span> <span class='ocrx_word' id='word_1_92' title='bbox 570 1751 643 1828; x_wconf 92' lang='lat' dir='ltr'><strong>plus</strong></span> <span class='ocrx_word' id='word_1_93' title='bbox 656 1752 854 1813; x_wconf 88' lang='lat' dir='ltr'><strong>nanciscatur</strong></span> <span class='ocrx_word' id='word_1_94' title='bbox 866 1753 969 1814; x_wconf 88' lang='lat' dir='ltr'><strong>famae</strong></span> <span class='ocrx_word' id='word_1_95' title='bbox 983 1772 1078 1830; x_wconf 90' lang='lat' dir='ltr'><strong>quam</strong></span> <span class='ocrx_word' id='word_1_96' title='bbox 1091 1752 1219 1831; x_wconf 86' lang='lat' dir='ltr'><strong>gloriae.</strong></span> 
     </span>
    </p>

    <p class='ocr_par' dir='ltr' id='par_1_5' title="bbox 404 1849 1609 2125">
     <span class='ocr_line' id='line_1_12' title="bbox 444 1849 1609 1930; baseline 0 -21"><span class='ocrx_word' id='word_1_97' title='bbox 444 1849 563 1911; x_wconf 85' lang='lat' dir='ltr'><strong>Verum</strong></span> <span class='ocrx_word' id='word_1_98' title='bbox 576 1854 613 1912; x_wconf 86' lang='lat' dir='ltr'><strong>vt</strong></span> <span class='ocrx_word' id='word_1_99' title='bbox 625 1851 664 1911; x_wconf 89' lang='lat' dir='ltr'><strong>ad</strong></span> <span class='ocrx_word' id='word_1_100' title='bbox 683 1854 772 1912; x_wconf 87' lang='lat' dir='ltr'><strong>tuam</strong></span> <span class='ocrx_word' id='word_1_101' title='bbox 793 1853 918 1913; x_wconf 90' lang='lat' dir='ltr'><strong>redeam</strong></span> <span class='ocrx_word' id='word_1_102' title='bbox 937 1851 1111 1930; x_wconf 90' lang='lat' dir='ltr'><strong>epistolam,</strong></span> <span class='ocrx_word' id='word_1_103' title='bbox 1130 1851 1178 1912; x_wconf 91' lang='lat' dir='ltr'><strong>ais</strong></span> <span class='ocrx_word' id='word_1_104' title='bbox 1194 1851 1293 1911; x_wconf 90' lang='lat' dir='ltr'><strong>totius</strong></span> <span class='ocrx_word' id='word_1_105' title='bbox 1313 1867 1422 1909; x_wconf 89' lang='lat' dir='ltr'><strong>causae</strong></span> <span class='ocrx_word' id='word_1_106' title='bbox 1440 1849 1609 1910; x_wconf 83' lang='lat' dir='ltr'><strong>arbitrium</strong></span> 
     </span>
     <span class='ocr_line' id='line_1_13' title="bbox 404 1948 1608 2028; baseline 0 -20"><span class='ocrx_word' id='word_1_107' title='bbox 404 1948 505 2009; x_wconf 89' lang='lat' dir='ltr'><strong>adhuc</strong></span> <span class='ocrx_word' id='word_1_108' title='bbox 519 1949 554 2009; x_wconf 90' lang='lat' dir='ltr'><strong>iu</strong></span> <span class='ocrx_word' id='word_1_109' title='bbox 567 1953 623 2010; x_wconf 89' lang='lat' dir='ltr'><strong>tua</strong></span> <span class='ocrx_word' id='word_1_110' title='bbox 633 1969 700 2011; x_wconf 89' lang='lat' dir='ltr'><strong>esse</strong></span> <span class='ocrx_word' id='word_1_111' title='bbox 709 1954 879 2027; x_wconf 82' lang='lat' dir='ltr'><strong>potestate:</strong></span> <span class='ocrx_word' id='word_1_112' title='bbox 900 1952 965 2012; x_wconf 91' lang='lat' dir='ltr'><strong>imo</strong></span> <span class='ocrx_word' id='word_1_113' title='bbox 975 1970 1139 2028; x_wconf 90' lang='lat' dir='ltr'><strong>nunquam</strong></span> <span class='ocrx_word' id='word_1_114' title='bbox 1149 1950 1316 2011; x_wconf 85' lang='lat' dir='ltr'><strong>arbitrium</strong></span> <span class='ocrx_word' id='word_1_115' title='bbox 1328 1949 1386 2010; x_wconf 93' lang='lat' dir='ltr'><strong>hoc</strong></span> <span class='ocrx_word' id='word_1_116' title='bbox 1399 1949 1438 2009; x_wconf 89' lang='lat' dir='ltr'><strong>ed</strong></span> <span class='ocrx_word' id='word_1_117' title='bbox 1452 1952 1484 2009; x_wconf 91' lang='lat' dir='ltr'><strong>te</strong></span> <span class='ocrx_word' id='word_1_118' title='bbox 1500 1948 1608 2009; x_wconf 89' lang='lat' dir='ltr'><strong>detuli.</strong></span> 
     </span>
     <span class='ocr_line' id='line_1_14' title="bbox 405 2045 1608 2125; baseline 0 -18"><span class='ocrx_word' id='word_1_119' title='bbox 405 2045 491 2108; x_wconf 91' lang='lat' dir='ltr'><strong>Illud</strong></span> <span class='ocrx_word' id='word_1_120' title='bbox 505 2048 600 2108; x_wconf 93' lang='lat' dir='ltr'><strong>modo</strong></span> <span class='ocrx_word' id='word_1_121' title='bbox 610 2048 750 2109; x_wconf 89' lang='lat' dir='ltr'><strong>delatum</strong></span> <span class='ocrx_word' id='word_1_122' title='bbox 761 2053 810 2109; x_wconf 81' lang='lat' dir='ltr'><strong>est</strong></span> <span class='ocrx_word' id='word_1_123' title='bbox 819 2050 859 2110; x_wconf 92' lang='lat' dir='ltr'><strong>ad</strong></span> <span class='ocrx_word' id='word_1_124' title='bbox 869 2052 909 2124; x_wconf 89' lang='lat' dir='ltr'><strong>te,</strong></span> <span class='ocrx_word' id='word_1_125' title='bbox 922 2053 958 2110; x_wconf 85' lang='lat' dir='ltr'><strong>vt</strong></span> <span class='ocrx_word' id='word_1_126' title='bbox 970 2050 997 2109; x_wconf 91' lang='lat' dir='ltr'><strong>si</strong></span> <span class='ocrx_word' id='word_1_127' title='bbox 1007 2049 1115 2124; x_wconf 84' lang='lat' dir='ltr'><strong>velles,</strong></span> <span class='ocrx_word' id='word_1_128' title='bbox 1126 2047 1346 2125; x_wconf 89' lang='lat' dir='ltr'><strong>pronunciares</strong></span> <span class='ocrx_word' id='word_1_129' title='bbox 1360 2067 1439 2107; x_wconf 90' lang='lat' dir='ltr'><strong>num</strong></span> <span class='ocrx_word' id='word_1_130' title='bbox 1452 2047 1608 2125; x_wconf 88' lang='lat' dir='ltr'><strong>peccarim</strong></span> 
     </span>
    </p>

    <p class='ocr_par' dir='ltr' id='par_1_6' title="bbox 343 2145 1611 2618">
     <span class='ocr_line' id='line_1_15' title="bbox 343 2145 1610 2225; baseline 0.001 -22"><span class='ocrx_word' id='word_1_131' title='bbox 343 2166 394 2220; x_wconf 78' lang='lat'><strong>⁴⁷0</strong></span> <span class='ocrx_word' id='word_1_132' title='bbox 404 2146 488 2222; x_wconf 91' lang='lat' dir='ltr'><strong>quod</strong></span> <span class='ocrx_word' id='word_1_133' title='bbox 502 2146 604 2206; x_wconf 81' lang='lat' dir='ltr'><strong>Fabro</strong></span> <span class='ocrx_word' id='word_1_134' title='bbox 618 2148 840 2225; x_wconf 87' lang='lat' dir='ltr'><strong>responderim,</strong></span> <span class='ocrx_word' id='word_1_135' title='bbox 852 2150 908 2208; x_wconf 89' lang='lat' dir='ltr'><strong>aut</strong></span> <span class='ocrx_word' id='word_1_136' title='bbox 921 2148 1003 2225; x_wconf 91' lang='lat' dir='ltr'><strong>quod</strong></span> <span class='ocrx_word' id='word_1_137' title='bbox 1014 2147 1060 2207; x_wconf 92' lang='lat' dir='ltr'><strong>sic</strong></span> <span class='ocrx_word' id='word_1_138' title='bbox 1070 2146 1293 2225; x_wconf 85' lang='lat' dir='ltr'><strong>responderim.</strong></span> <span class='ocrx_word' id='word_1_139' title='bbox 1337 2145 1438 2222; x_wconf 89' lang='lat' dir='ltr'><strong>quue</strong></span> <span class='ocrx_word' id='word_1_140' title='bbox 1447 2148 1485 2205; x_wconf 88' lang='lat' dir='ltr'><strong>vt</strong></span> <span class='ocrx_word' id='word_1_141' title='bbox 1494 2145 1610 2205; x_wconf 90' lang='lat' dir='ltr'><strong>certius</strong></span> 
     </span>
     <span class='ocr_line' id='line_1_16' title="bbox 405 2242 1608 2323; baseline -0.001 -20"><span class='ocrx_word' id='word_1_142' title='bbox 405 2242 528 2319; x_wconf 85' lang='lat' dir='ltr'><strong>iaceres,</strong></span> <span class='ocrx_word' id='word_1_143' title='bbox 558 2245 754 2321; x_wconf 85' lang='lat' dir='ltr'><strong>postulabam</strong></span> <span class='ocrx_word' id='word_1_144' title='bbox 786 2249 822 2306; x_wconf 85' lang='lat' dir='ltr'><strong>vt</strong></span> <span class='ocrx_word' id='word_1_145' title='bbox 849 2266 905 2323; x_wconf 90' lang='lat' dir='ltr'><strong>per</strong></span> <span class='ocrx_word' id='word_1_146' title='bbox 932 2246 1038 2306; x_wconf 90' lang='lat' dir='ltr'><strong>ocium</strong></span> <span class='ocrx_word' id='word_1_147' title='bbox 1064 2246 1229 2323; x_wconf 77' lang='lat' dir='ltr'><strong>utriusque</strong></span> <span class='ocrx_word' id='word_1_148' title='bbox 1256 2244 1373 2321; x_wconf 87' lang='lat' dir='ltr'><strong>scripta</strong></span> <span class='ocrx_word' id='word_1_149' title='bbox 1400 2262 1608 2320; x_wconf 85' lang='lat' dir='ltr'><strong>percurreres.</strong></span> 
     </span>
     <span class='ocr_line' id='line_1_17' title="bbox 404 2341 1610 2420; baseline 0.002 -20"><span class='ocrx_word' id='word_1_150' title='bbox 404 2341 506 2419; x_wconf 87' lang='lat' dir='ltr'><strong>Atqui</strong></span> <span class='ocrx_word' id='word_1_151' title='bbox 524 2341 576 2401; x_wconf 88' lang='lat' dir='ltr'><strong>hic</strong></span> <span class='ocrx_word' id='word_1_152' title='bbox 594 2343 697 2419; x_wconf 91' lang='lat' dir='ltr'><strong>palam</strong></span> <span class='ocrx_word' id='word_1_153' title='bbox 714 2347 824 2405; x_wconf 88' lang='lat' dir='ltr'><strong>contre</strong></span> <span class='ocrx_word' id='word_1_154' title='bbox 840 2364 892 2404; x_wconf 92' lang='lat' dir='ltr'><strong>me</strong></span> <span class='ocrx_word' id='word_1_155' title='bbox 910 2344 975 2405; x_wconf 81' lang='lat' dir='ltr'><strong>fers</strong></span> <span class='ocrx_word' id='word_1_156' title='bbox 993 2345 1205 2404; x_wconf 86' lang='lat' dir='ltr'><strong>sententiam:</strong></span> <span class='ocrx_word' id='word_1_157' title='bbox 1226 2343 1365 2420; x_wconf 90' lang='lat' dir='ltr'><strong>primum</strong></span> <span class='ocrx_word' id='word_1_158' title='bbox 1384 2343 1439 2419; x_wconf 90' lang='lat' dir='ltr'><strong>qui</strong></span> <span class='ocrx_word' id='word_1_159' title='bbox 1458 2342 1610 2420; x_wconf 89' lang='lat' dir='ltr'><strong>respond·</strong></span> 
     </span>
     <span class='ocr_line' id='line_1_18' title="bbox 405 2440 1610 2520; baseline 0.001 -22"><span class='ocrx_word' id='word_1_160' title='bbox 405 2440 497 2513; x_wconf 90' lang='lat' dir='ltr'><strong>erim,</strong></span> <span class='ocrx_word' id='word_1_161' title='bbox 513 2458 585 2499; x_wconf 91' lang='lat' dir='ltr'><strong>cum</strong></span> <span class='ocrx_word' id='word_1_162' title='bbox 604 2443 794 2518; x_wconf 87' lang='lat' dir='ltr'><strong>praestiterit</strong></span> <span class='ocrx_word' id='word_1_163' title='bbox 812 2442 1027 2504; x_wconf 84' lang='lat' dir='ltr'><strong>obmutescere</strong></span> <span class='ocrx_word' id='word_1_164' title='bbox 1037 2465 1045 2517; x_wconf 90' lang='lat'>;</span> <span class='ocrx_word' id='word_1_165' title='bbox 1067 2442 1178 2503; x_wconf 91' lang='lat' dir='ltr'><strong>deiude</strong></span> <span class='ocrx_word' id='word_1_166' title='bbox 1196 2442 1279 2520; x_wconf 90' lang='lat' dir='ltr'><strong>quod</strong></span> <span class='ocrx_word' id='word_1_167' title='bbox 1298 2440 1473 2501; x_wconf 89' lang='lat' dir='ltr'><strong>accuratius</strong></span> <span class='ocrx_word' id='word_1_168' title='bbox 1489 2460 1526 2500; x_wconf 91' lang='lat' dir='ltr'><strong>ac</strong></span> <span class='ocrx_word' id='word_1_169' title='bbox 1542 2459 1610 2518; x_wconf 87' lang='lat' dir='ltr'><strong>pro</strong></span> 
     </span>
     <span class='ocr_line' id='line_1_19' title="bbox 404 2537 1611 2618; baseline 0.001 -22"><span class='ocrx_word' id='word_1_170' title='bbox 404 2537 522 2611; x_wconf 73' lang='lat' dir='ltr'><strong>liuius;</strong></span> <span class='ocrx_word' id='word_1_171' title='bbox 552 2541 712 2616; x_wconf 90' lang='lat' dir='ltr'><strong>postremo</strong></span> <span class='ocrx_word' id='word_1_172' title='bbox 734 2542 816 2618; x_wconf 89' lang='lat' dir='ltr'><strong>quod</strong></span> <span class='ocrx_word' id='word_1_173' title='bbox 837 2540 1012 2602; x_wconf 83' lang='lat' dir='ltr'><strong>animosius</strong></span> <span class='ocrx_word' id='word_1_174' title='bbox 1031 2540 1255 2618; x_wconf 89' lang='lat' dir='ltr'><strong>responderim.</strong></span> <span class='ocrx_word' id='word_1_175' title='bbox 1308 2539 1389 2599; x_wconf 86' lang='lat' dir='ltr'><strong>Nam</strong></span> <span class='ocrx_word' id='word_1_176' title='bbox 1409 2541 1521 2598; x_wconf 84' lang='lat' dir='ltr'><strong>vtrum</strong></span> <span class='ocrx_word' id='word_1_177' title='bbox 1548 2537 1611 2615; x_wconf 89' lang='lat' dir='ltr'><strong>legi</strong></span> 
     </span>
    </p>

    <p class='ocr_par' dir='ltr' id='par_1_7' title="bbox 343 2635 1610 3107">
     <span class='ocr_line' id='line_1_20' title="bbox 343 2635 1608 2716; baseline 0.002 -22"><span class='ocrx_word' id='word_1_178' title='bbox 343 2654 391 2707; x_wconf 80' lang='lat'><strong>⁴75</strong></span> <span class='ocrx_word' id='word_1_179' title='bbox 404 2635 515 2695; x_wconf 89' lang='lat' dir='ltr'><strong>debeat</strong></span> <span class='ocrx_word' id='word_1_180' title='bbox 537 2635 577 2695; x_wconf 87' lang='lat' dir='ltr'><strong>ab</strong></span> <span class='ocrx_word' id='word_1_181' title='bbox 593 2637 712 2714; x_wconf 87' lang='lat' dir='ltr'><strong>angelis</strong></span> <span class='ocrx_word' id='word_1_182' title='bbox 729 2658 770 2698; x_wconf 90' lang='lat' dir='ltr'><strong>an</strong></span> <span class='ocrx_word' id='word_1_183' title='bbox 789 2658 808 2699; x_wconf 89' lang='lat' dir='ltr'><strong>a</strong></span> <span class='ocrx_word' id='word_1_184' title='bbox 827 2639 900 2712; x_wconf 89' lang='lat' dir='ltr'><strong>Deo,</strong></span> <span class='ocrx_word' id='word_1_185' title='bbox 919 2658 976 2699; x_wconf 92' lang='lat' dir='ltr'><strong>nec</strong></span> <span class='ocrx_word' id='word_1_186' title='bbox 994 2657 1064 2698; x_wconf 92' lang='lat' dir='ltr'><strong>mea</strong></span> <span class='ocrx_word' id='word_1_187' title='bbox 1084 2640 1180 2699; x_wconf 83' lang='lat' dir='ltr'><strong>refert</strong></span> <span class='ocrx_word' id='word_1_188' title='bbox 1200 2637 1401 2716; x_wconf 88' lang='lat' dir='ltr'><strong>pronunciari</strong></span> <span class='ocrx_word' id='word_1_189' title='bbox 1421 2640 1453 2697; x_wconf 90' lang='lat' dir='ltr'><strong>et</strong></span> <span class='ocrx_word' id='word_1_190' title='bbox 1473 2636 1608 2697; x_wconf 87' lang='lat' dir='ltr'><strong>aliorum</strong></span> 
     </span>
     <span class='ocr_line' id='line_1_21' title="bbox 404 2734 1609 2813; baseline 0.002 -21"><span class='ocrx_word' id='word_1_191' title='bbox 404 2734 452 2793; x_wconf 88' lang='lat' dir='ltr'><strong>eat</strong></span> <span class='ocrx_word' id='word_1_192' title='bbox 478 2734 651 2810; x_wconf 80' lang='lat' dir='ltr'><strong>negocium.</strong></span> <span class='ocrx_word' id='word_1_193' title='bbox 695 2736 794 2797; x_wconf 92' lang='lat' dir='ltr'><strong>Porro</strong></span> <span class='ocrx_word' id='word_1_194' title='bbox 823 2756 887 2795; x_wconf 92' lang='lat' dir='ltr'><strong>non</strong></span> <span class='ocrx_word' id='word_1_195' title='bbox 915 2739 1091 2813; x_wconf 89' lang='lat' dir='ltr'><strong>competere</strong></span> <span class='ocrx_word' id='word_1_196' title='bbox 1118 2736 1152 2795; x_wconf 92' lang='lat' dir='ltr'><strong>in</strong></span> <span class='ocrx_word' id='word_1_197' title='bbox 1180 2755 1233 2796; x_wconf 90' lang='lat' dir='ltr'><strong>me</strong></span> <span class='ocrx_word' id='word_1_198' title='bbox 1260 2755 1338 2813; x_wconf 88' lang='lat' dir='ltr'><strong>quae</strong></span> <span class='ocrx_word' id='word_1_199' title='bbox 1366 2734 1467 2794; x_wconf 86' lang='lat' dir='ltr'><strong>Faber</strong></span> <span class='ocrx_word' id='word_1_200' title='bbox 1493 2734 1530 2795; x_wconf 90' lang='lat' dir='ltr'><strong>in</strong></span> <span class='ocrx_word' id='word_1_201' title='bbox 1558 2754 1609 2794; x_wconf 90' lang='lat' dir='ltr'><strong>me</strong></span> 
     </span>
     <span class='ocr_line' id='line_1_22' title="bbox 404 2830 1609 2911; baseline 0.002 -21"><span class='ocrx_word' id='word_1_202' title='bbox 404 2830 551 2907; x_wconf 82' lang='lat' dir='ltr'><strong>congerit,</strong></span> <span class='ocrx_word' id='word_1_203' title='bbox 564 2831 616 2891; x_wconf 82' lang='lat' dir='ltr'><strong>vel</strong></span> <span class='ocrx_word' id='word_1_204' title='bbox 636 2832 715 2893; x_wconf 87' lang='lat' dir='ltr'><strong>citra</strong></span> <span class='ocrx_word' id='word_1_205' title='bbox 731 2833 843 2894; x_wconf 89' lang='lat' dir='ltr'><strong>iudicis</strong></span> <span class='ocrx_word' id='word_1_206' title='bbox 863 2833 1018 2894; x_wconf 75' lang='lat' dir='ltr'><strong>caleulum</strong></span> <span class='ocrx_word' id='word_1_207' title='bbox 1036 2853 1085 2894; x_wconf 90' lang='lat' dir='ltr'><strong>res</strong></span> <span class='ocrx_word' id='word_1_208' title='bbox 1102 2834 1169 2911; x_wconf 85' lang='lat' dir='ltr'><strong>ipsa</strong></span> <span class='ocrx_word' id='word_1_209' title='bbox 1185 2832 1334 2911; x_wconf 89' lang='lat' dir='ltr'><strong>loquitur.</strong></span> <span class='ocrx_word' id='word_1_210' title='bbox 1379 2832 1443 2893; x_wconf 86' lang='lat' dir='ltr'><strong>Nec</strong></span> <span class='ocrx_word' id='word_1_211' title='bbox 1460 2833 1609 2909; x_wconf 90' lang='lat' dir='ltr'><strong>estquod</strong></span> 
     </span>
     <span class='ocr_line' id='line_1_23' title="bbox 404 2928 1610 3010; baseline 0 -21"><span class='ocrx_word' id='word_1_212' title='bbox 404 2928 545 2991; x_wconf 85' lang='lat' dir='ltr'><strong>clamitet</strong></span> <span class='ocrx_word' id='word_1_213' title='bbox 556 2929 722 3008; x_wconf 87' lang='lat' dir='ltr'><strong>quisquam</strong></span> <span class='ocrx_word' id='word_1_214' title='bbox 732 2931 825 2992; x_wconf 91' lang='lat' dir='ltr'><strong>illum</strong></span> <span class='ocrx_word' id='word_1_215' title='bbox 836 2950 1020 3010; x_wconf 89' lang='lat' dir='ltr'><strong>oppressum</strong></span> <span class='ocrx_word' id='word_1_216' title='bbox 1030 2932 1227 3009; x_wconf 89' lang='lat' dir='ltr'><strong>eloquentiae</strong></span> <span class='ocrx_word' id='word_1_217' title='bbox 1238 2950 1324 2992; x_wconf 87' lang='lat' dir='ltr'><strong>meae</strong></span> <span class='ocrx_word' id='word_1_218' title='bbox 1335 2930 1475 3003; x_wconf 80' lang='lat' dir='ltr'><strong>viribus3</strong></span> <span class='ocrx_word' id='word_1_219' title='bbox 1495 2930 1610 3008; x_wconf 90' lang='lat' dir='ltr'><strong>quibus</strong></span> 
     </span>
     <span class='ocr_line' id='line_1_24' title="bbox 404 3028 1608 3107; baseline 0.002 -21"><span class='ocrx_word' id='word_1_220' title='bbox 404 3046 461 3105; x_wconf 89' lang='lat' dir='ltr'><strong>ego</strong></span> <span class='ocrx_word' id='word_1_221' title='bbox 479 3046 536 3087; x_wconf 93' lang='lat' dir='ltr'><strong>nec</strong></span> <span class='ocrx_word' id='word_1_222' title='bbox 554 3028 657 3105; x_wconf 85' lang='lat' dir='ltr'><strong>polleo</strong></span> <span class='ocrx_word' id='word_1_223' title='bbox 676 3048 733 3089; x_wconf 92' lang='lat' dir='ltr'><strong>nec</strong></span> <span class='ocrx_word' id='word_1_224' title='bbox 755 3048 807 3090; x_wconf 92' lang='lat' dir='ltr'><strong>me</strong></span> <span class='ocrx_word' id='word_1_225' title='bbox 827 3030 919 3090; x_wconf 86' lang='lat' dir='ltr'><strong>iacto.</strong></span> <span class='ocrx_word' id='word_1_226' title='bbox 961 3029 1036 3107; x_wconf 86' lang='lat' dir='ltr'><strong>lpse</strong></span> <span class='ocrx_word' id='word_1_227' title='bbox 1054 3029 1116 3089; x_wconf 83' lang='lat' dir='ltr'><strong>fuit</strong></span> <span class='ocrx_word' id='word_1_228' title='bbox 1138 3031 1172 3090; x_wconf 95' lang='lat' dir='ltr'><strong>in</strong></span> <span class='ocrx_word' id='word_1_229' title='bbox 1192 3049 1293 3102; x_wconf 86' lang='lat' dir='ltr'><strong>causa,</strong></span> <span class='ocrx_word' id='word_1_230' title='bbox 1309 3030 1364 3107; x_wconf 90' lang='lat' dir='ltr'><strong>qui</strong></span> <span class='ocrx_word' id='word_1_231' title='bbox 1385 3032 1608 3106; x_wconf 81' lang='lat' dir='ltr'><strong>argumentum</strong></span> 
     </span>
    </p>

    <p class='ocr_par' dir='ltr' id='par_1_8' title="bbox 343 3127 1321 3206">
     <span class='ocr_line' id='line_1_25' title="bbox 343 3127 1321 3206; baseline 0.003 -23"><span class='ocrx_word' id='word_1_232' title='bbox 343 3134 393 3197; x_wconf 80' lang='lat'><strong>⁴⁸0</strong></span> <span class='ocrx_word' id='word_1_233' title='bbox 404 3144 528 3185; x_wconf 89' lang='lat' dir='ltr'><strong>mecum</strong></span> <span class='ocrx_word' id='word_1_234' title='bbox 541 3127 724 3187; x_wconf 88' lang='lat' dir='ltr'><strong>conserendi</strong></span> <span class='ocrx_word' id='word_1_235' title='bbox 737 3147 850 3189; x_wconf 87' lang='lat' dir='ltr'><strong>manus</strong></span> <span class='ocrx_word' id='word_1_236' title='bbox 863 3148 976 3206; x_wconf 90' lang='lat' dir='ltr'><strong>parum</strong></span> <span class='ocrx_word' id='word_1_237' title='bbox 990 3127 1147 3204; x_wconf 86' lang='lat' dir='ltr'><strong>auspicato</strong></span> <span class='ocrx_word' id='word_1_238' title='bbox 1162 3128 1321 3206; x_wconf 87' lang='lat' dir='ltr'><strong>delegerit.</strong></span> 
     </span>
    </p>

    <p class='ocr_par' dir='ltr' id='par_1_9' title="bbox 404 3221 1609 3598">
     <span class='ocr_line' id='line_1_26' title="bbox 444 3221 1608 3303; baseline 0.001 -20"><span class='ocrx_word' id='word_1_239' title='bbox 444 3221 643 3284; x_wconf 89' lang='lat' dir='ltr'><strong>Iustinianus</strong></span> <span class='ocrx_word' id='word_1_240' title='bbox 663 3226 828 3303; x_wconf 90' lang='lat' dir='ltr'><strong>episcopus</strong></span> <span class='ocrx_word' id='word_1_241' title='bbox 849 3245 907 3286; x_wconf 89' lang='lat' dir='ltr'><strong>nos</strong></span> <span class='ocrx_word' id='word_1_242' title='bbox 927 3226 1040 3286; x_wconf 91' lang='lat' dir='ltr'><strong>inuisit</strong></span> <span class='ocrx_word' id='word_1_243' title='bbox 1059 3225 1200 3287; x_wconf 82' lang='lat' dir='ltr'><strong>Louunii</strong></span> <span class='ocrx_word' id='word_1_244' title='bbox 1243 3225 1340 3285; x_wconf 85' lang='lat' dir='ltr'><strong>Visus</strong></span> <span class='ocrx_word' id='word_1_245' title='bbox 1359 3227 1407 3284; x_wconf 87' lang='lat' dir='ltr'><strong>est</strong></span> <span class='ocrx_word' id='word_1_246' title='bbox 1426 3225 1523 3284; x_wconf 91' lang='lat' dir='ltr'><strong>homo</strong></span> <span class='ocrx_word' id='word_1_247' title='bbox 1541 3244 1608 3285; x_wconf 88' lang='lat' dir='ltr'><strong>can-</strong></span> 
     </span>
     <span class='ocr_line' id='line_1_27' title="bbox 405 3320 1607 3402; baseline 0 -20"><span class='ocrx_word' id='word_1_248' title='bbox 405 3320 507 3397; x_wconf 89' lang='lat' dir='ltr'><strong>didus,</strong></span> <span class='ocrx_word' id='word_1_249' title='bbox 526 3322 722 3400; x_wconf 86' lang='lat' dir='ltr'><strong>minimeque</strong></span> <span class='ocrx_word' id='word_1_250' title='bbox 738 3324 939 3397; x_wconf 83' lang='lat' dir='ltr'><strong>virulentus3</strong></span> <span class='ocrx_word' id='word_1_251' title='bbox 965 3324 1097 3402; x_wconf 90' lang='lat' dir='ltr'><strong>proinde</strong></span> <span class='ocrx_word' id='word_1_252' title='bbox 1119 3324 1203 3384; x_wconf 87' lang='lat' dir='ltr'><strong>dolet</strong></span> <span class='ocrx_word' id='word_1_253' title='bbox 1226 3323 1309 3401; x_wconf 89' lang='lat' dir='ltr'><strong>quod</strong></span> <span class='ocrx_word' id='word_1_254' title='bbox 1330 3322 1417 3383; x_wconf 93' lang='lat' dir='ltr'><strong>illius</strong></span> <span class='ocrx_word' id='word_1_255' title='bbox 1438 3341 1556 3382; x_wconf 92' lang='lat' dir='ltr'><strong>nomen</strong></span> <span class='ocrx_word' id='word_1_256' title='bbox 1574 3322 1607 3381; x_wconf 92' lang='lat' dir='ltr'><strong>in</strong></span> 
     </span>
     <span class='ocr_line' id='line_1_28' title="bbox 404 3419 1605 3500; baseline 0.001 -21"><span class='ocrx_word' id='word_1_257' title='bbox 404 3419 560 3497; x_wconf 81' lang='lat' dir='ltr'><strong>Apologia</strong></span> <span class='ocrx_word' id='word_1_258' title='bbox 582 3421 828 3498; x_wconf 87' lang='lat' dir='ltr'><strong>perstrinxerim.</strong></span> <span class='ocrx_word' id='word_1_259' title='bbox 872 3421 999 3500; x_wconf 89' lang='lat' dir='ltr'><strong>Insigni</strong></span> <span class='ocrx_word' id='word_1_260' title='bbox 1027 3425 1101 3483; x_wconf 89' lang='lat' dir='ltr'><strong>nota</strong></span> <span class='ocrx_word' id='word_1_261' title='bbox 1128 3422 1325 3499; x_wconf 83' lang='lat' dir='ltr'><strong>designarem</strong></span> <span class='ocrx_word' id='word_1_262' title='bbox 1352 3440 1421 3480; x_wconf 91' lang='lat' dir='ltr'><strong>eam</strong></span> <span class='ocrx_word' id='word_1_263' title='bbox 1448 3421 1605 3498; x_wconf 90' lang='lat' dir='ltr'><strong>paginam,</strong></span> 
     </span>
     <span class='ocr_line' id='line_1_29' title="bbox 404 3517 1609 3598; baseline 0.002 -22"><span class='ocrx_word' id='word_1_264' title='bbox 404 3517 563 3594; x_wconf 89' lang='lat' dir='ltr'><strong>semelque</strong></span> <span class='ocrx_word' id='word_1_265' title='bbox 582 3519 804 3581; x_wconf 80' lang='lat' dir='ltr'><strong>denunciatum</strong></span> <span class='ocrx_word' id='word_1_266' title='bbox 823 3520 1019 3598; x_wconf 86' lang='lat' dir='ltr'><strong>typographo</strong></span> <span class='ocrx_word' id='word_1_267' title='bbox 1037 3540 1076 3580; x_wconf 90' lang='lat' dir='ltr'><strong>ne</strong></span> <span class='ocrx_word' id='word_1_268' title='bbox 1095 3540 1157 3597; x_wconf 86' lang='lat' dir='ltr'><strong>qua</strong></span> <span class='ocrx_word' id='word_1_269' title='bbox 1175 3520 1304 3580; x_wconf 89' lang='lat' dir='ltr'><strong>omnino</strong></span> <span class='ocrx_word' id='word_1_270' title='bbox 1322 3519 1529 3579; x_wconf 89' lang='lat' dir='ltr'><strong>excuderetur</strong></span> <span class='ocrx_word' id='word_1_271' title='bbox 1548 3517 1609 3579; x_wconf 91' lang='lat' dir='ltr'><strong>nisi</strong></span> 
     </span>
    </p>

    <p class='ocr_par' dir='ltr' id='par_1_10' title="bbox 343 3615 1611 4281">
     <span class='ocr_line' id='line_1_30' title="bbox 344 3615 1606 3696; baseline 0.001 -21"><span class='ocrx_word' id='word_1_272' title='bbox 344 3620 424 3683; x_wconf 84' lang='lat' dir='ltr'><strong>4⁸5a</strong></span> <span class='ocrx_word' id='word_1_273' title='bbox 440 3634 492 3675; x_wconf 90' lang='lat' dir='ltr'><strong>me</strong></span> <span class='ocrx_word' id='word_1_274' title='bbox 510 3617 687 3695; x_wconf 76' lang='lat' dir='ltr'><strong>recognits3</strong></span> <span class='ocrx_word' id='word_1_275' title='bbox 707 3620 801 3696; x_wconf 88' lang='lat' dir='ltr'><strong>atque</strong></span> <span class='ocrx_word' id='word_1_276' title='bbox 821 3617 897 3679; x_wconf 90' lang='lat' dir='ltr'><strong>haec</strong></span> <span class='ocrx_word' id='word_1_277' title='bbox 917 3617 984 3678; x_wconf 85' lang='lat' dir='ltr'><strong>sola</strong></span> <span class='ocrx_word' id='word_1_278' title='bbox 1003 3636 1055 3677; x_wconf 90' lang='lat' dir='ltr'><strong>me</strong></span> <span class='ocrx_word' id='word_1_279' title='bbox 1073 3616 1172 3677; x_wconf 91' lang='lat' dir='ltr'><strong>inscio</strong></span> <span class='ocrx_word' id='word_1_280' title='bbox 1189 3617 1251 3677; x_wconf 86' lang='lat' dir='ltr'><strong>fuit</strong></span> <span class='ocrx_word' id='word_1_281' title='bbox 1267 3636 1386 3677; x_wconf 78' lang='lat' dir='ltr'><strong>excusa.</strong></span> <span class='ocrx_word' id='word_1_282' title='bbox 1431 3615 1494 3676; x_wconf 90' lang='lat' dir='ltr'><strong>Vbi</strong></span> <span class='ocrx_word' id='word_1_283' title='bbox 1512 3616 1606 3689; x_wconf 89' lang='lat' dir='ltr'><strong>sensi,</strong></span> 
     </span>
     <span class='ocr_line' id='line_1_31' title="bbox 405 3713 1610 3793; baseline 0.001 -20"><span class='ocrx_word' id='word_1_284' title='bbox 405 3713 490 3790; x_wconf 88' lang='lat' dir='ltr'><strong>coegi</strong></span> <span class='ocrx_word' id='word_1_285' title='bbox 504 3718 540 3773; x_wconf 87' lang='lat' dir='ltr'><strong>vt</strong></span> <span class='ocrx_word' id='word_1_286' title='bbox 553 3715 685 3775; x_wconf 86' lang='lat' dir='ltr'><strong>eandem</strong></span> <span class='ocrx_word' id='word_1_287' title='bbox 699 3735 717 3776; x_wconf 90' lang='lat' dir='ltr'><strong>a</strong></span> <span class='ocrx_word' id='word_1_288' title='bbox 730 3736 782 3776; x_wconf 91' lang='lat' dir='ltr'><strong>me</strong></span> <span class='ocrx_word' id='word_1_289' title='bbox 801 3719 1007 3793; x_wconf 86' lang='lat' dir='ltr'><strong>temperatam</strong></span> <span class='ocrx_word' id='word_1_290' title='bbox 1025 3715 1128 3776; x_wconf 92' lang='lat' dir='ltr'><strong>denuo</strong></span> <span class='ocrx_word' id='word_1_291' title='bbox 1142 3715 1307 3775; x_wconf 87' lang='lat' dir='ltr'><strong>excuderet</strong></span> <span class='ocrx_word' id='word_1_292' title='bbox 1320 3736 1327 3789; x_wconf 90' lang='lat'><strong>;</strong></span> <span class='ocrx_word' id='word_1_293' title='bbox 1348 3734 1423 3775; x_wconf 88' lang='lat' dir='ltr'><strong>nam</strong></span> <span class='ocrx_word' id='word_1_294' title='bbox 1437 3714 1496 3774; x_wconf 92' lang='lat' dir='ltr'><strong>hac</strong></span> <span class='ocrx_word' id='word_1_295' title='bbox 1511 3713 1610 3791; x_wconf 84' lang='lat' dir='ltr'><strong>gratia</strong></span> 
     </span>
     <span class='ocr_line' id='line_1_32' title="bbox 406 3812 1608 3891; baseline 0.002 -21"><span class='ocrx_word' id='word_1_296' title='bbox 406 3814 558 3871; x_wconf 80' lang='lat' dir='ltr'><strong>notarum</strong></span> <span class='ocrx_word' id='word_1_297' title='bbox 602 3812 691 3887; x_wconf 80' lang='lat' dir='ltr'><strong>Quod</strong></span> <span class='ocrx_word' id='word_1_298' title='bbox 715 3814 868 3874; x_wconf 87' lang='lat' dir='ltr'><strong>hactenus</strong></span> <span class='ocrx_word' id='word_1_299' title='bbox 895 3833 997 3891; x_wconf 90' lang='lat' dir='ltr'><strong>neque</strong></span> <span class='ocrx_word' id='word_1_300' title='bbox 1025 3813 1104 3891; x_wconf 84' lang='lat' dir='ltr'><strong>Regi</strong></span> <span class='ocrx_word' id='word_1_301' title='bbox 1132 3832 1232 3889; x_wconf 89' lang='lat' dir='ltr'><strong>neque</strong></span> <span class='ocrx_word' id='word_1_302' title='bbox 1260 3813 1413 3890; x_wconf 85' lang='lat' dir='ltr'><strong>Episcopo</strong></span> <span class='ocrx_word' id='word_1_303' title='bbox 1440 3812 1608 3889; x_wconf 90' lang='lat' dir='ltr'><strong>quicquam</strong></span> 
     </span>
     <span class='ocr_line' id='line_1_33' title="bbox 405 3907 1609 3989; baseline 0.003 -22"><span class='ocrx_word' id='word_1_304' title='bbox 405 3907 595 3985; x_wconf 89' lang='lat' dir='ltr'><strong>scripserim,</strong></span> <span class='ocrx_word' id='word_1_305' title='bbox 615 3911 683 3987; x_wconf 91' lang='lat' dir='ltr'><strong>ipse</strong></span> <span class='ocrx_word' id='word_1_306' title='bbox 704 3911 738 3971; x_wconf 94' lang='lat' dir='ltr'><strong>in</strong></span> <span class='ocrx_word' id='word_1_307' title='bbox 761 3931 854 3973; x_wconf 88' lang='lat' dir='ltr'><strong>causa</strong></span> <span class='ocrx_word' id='word_1_308' title='bbox 876 3912 975 3987; x_wconf 88' lang='lat' dir='ltr'><strong>fuisti,</strong></span> <span class='ocrx_word' id='word_1_309' title='bbox 999 3913 1053 3989; x_wconf 90' lang='lat' dir='ltr'><strong>qui</strong></span> <span class='ocrx_word' id='word_1_310' title='bbox 1074 3912 1176 3972; x_wconf 87' lang='lat' dir='ltr'><strong>literis</strong></span> <span class='ocrx_word' id='word_1_311' title='bbox 1197 3911 1261 3971; x_wconf 90' lang='lat' dir='ltr'><strong>tuis</strong></span> <span class='ocrx_word' id='word_1_312' title='bbox 1281 3931 1371 3988; x_wconf 91' lang='lat' dir='ltr'><strong>spem</strong></span> <span class='ocrx_word' id='word_1_313' title='bbox 1391 3931 1429 3970; x_wconf 86' lang='lat' dir='ltr'><strong>ex</strong></span> <span class='ocrx_word' id='word_1_314' title='bbox 1450 3913 1609 3971; x_wconf 85' lang='lat' dir='ltr'><strong>sententia</strong></span> 
     </span>
     <span class='ocr_line' id='line_1_34' title="bbox 405 4005 1610 4086; baseline 0.001 -20"><span class='ocrx_word' id='word_1_315' title='bbox 405 4005 590 4067; x_wconf 88' lang='lat' dir='ltr'><strong>conficiendi</strong></span> <span class='ocrx_word' id='word_1_316' title='bbox 617 4008 738 4086; x_wconf 89' lang='lat' dir='ltr'><strong>negocii</strong></span> <span class='ocrx_word' id='word_1_317' title='bbox 763 4009 844 4070; x_wconf 92' lang='lat' dir='ltr'><strong>mihi</strong></span> <span class='ocrx_word' id='word_1_318' title='bbox 867 4011 1050 4086; x_wconf 79' lang='lat' dir='ltr'><strong>amputatis,</strong></span> <span class='ocrx_word' id='word_1_319' title='bbox 1077 4009 1202 4070; x_wconf 89' lang='lat' dir='ltr'><strong>etiamsi</strong></span> <span class='ocrx_word' id='word_1_320' title='bbox 1229 4028 1279 4069; x_wconf 91' lang='lat' dir='ltr'><strong>me</strong></span> <span class='ocrx_word' id='word_1_321' title='bbox 1307 4028 1358 4069; x_wconf 89' lang='lat' dir='ltr'><strong>res</strong></span> <span class='ocrx_word' id='word_1_322' title='bbox 1384 4028 1421 4068; x_wconf 88' lang='lat' dir='ltr'><strong>ea</strong></span> <span class='ocrx_word' id='word_1_323' title='bbox 1448 4008 1610 4069; x_wconf 85' lang='lat' dir='ltr'><strong>leuissimo</strong></span> 
     </span>
     <span class='ocr_line' id='line_1_35' title="bbox 343 4104 1610 4185; baseline 0 -20"><span class='ocrx_word' id='word_1_324' title='bbox 343 4126 394 4177; x_wconf 80' lang='lat'><strong>490</strong></span> <span class='ocrx_word' id='word_1_325' title='bbox 404 4104 562 4184; x_wconf 83' lang='lat' dir='ltr'><strong>tangebat.</strong></span> <span class='ocrx_word' id='word_1_326' title='bbox 601 4106 689 4166; x_wconf 86' lang='lat' dir='ltr'><strong>Nihil</strong></span> <span class='ocrx_word' id='word_1_327' title='bbox 697 4107 1135 4185; x_wconf 82' lang='lat' dir='ltr'><strong>certideferebatllpiscopua</strong></span> <span class='ocrx_word' id='word_1_328' title='bbox 1173 4107 1268 4184; x_wconf 85' lang='lat' dir='ltr'><strong>Regis</strong></span> <span class='ocrx_word' id='word_1_329' title='bbox 1279 4108 1407 4166; x_wconf 91' lang='lat' dir='ltr'><strong>nomine</strong></span> <span class='ocrx_word' id='word_1_330' title='bbox 1417 4106 1472 4183; x_wconf 89' lang='lat' dir='ltr'><strong>qui</strong></span> <span class='ocrx_word' id='word_1_331' title='bbox 1483 4106 1610 4185; x_wconf 79' lang='lat' dir='ltr'><strong>scripse</strong></span> 
     </span>
     <span class='ocr_line' id='line_1_36' title="bbox 404 4202 1611 4281; baseline 0.001 -18"><span class='ocrx_word' id='word_1_332' title='bbox 404 4206 484 4276; x_wconf 86' lang='lat' dir='ltr'><strong>rant,</strong></span> <span class='ocrx_word' id='word_1_333' title='bbox 500 4202 539 4263; x_wconf 86' lang='lat' dir='ltr'><strong>sd</strong></span> <span class='ocrx_word' id='word_1_334' title='bbox 553 4223 641 4281; x_wconf 91' lang='lat' dir='ltr'><strong>spem</strong></span> <span class='ocrx_word' id='word_1_335' title='bbox 659 4206 752 4266; x_wconf 90' lang='lat' dir='ltr'><strong>modo</strong></span> <span class='ocrx_word' id='word_1_336' title='bbox 768 4206 929 4267; x_wconf 83' lang='lat' dir='ltr'><strong>vocabant</strong></span> <span class='ocrx_word' id='word_1_337' title='bbox 976 4206 1039 4267; x_wconf 90' lang='lat' dir='ltr'><strong>Hic</strong></span> <span class='ocrx_word' id='word_1_338' title='bbox 1059 4225 1167 4266; x_wconf 87' lang='lat' dir='ltr'><strong>recens</strong></span> <span class='ocrx_word' id='word_1_339' title='bbox 1184 4205 1217 4265; x_wconf 93' lang='lat' dir='ltr'><strong>in</strong></span> <span class='ocrx_word' id='word_1_340' title='bbox 1234 4205 1429 4265; x_wconf 79' lang='lat' dir='ltr'><strong>famulicium</strong></span> <span class='ocrx_word' id='word_1_341' title='bbox 1449 4203 1611 4281; x_wconf 90' lang='lat' dir='ltr'><strong>Principis</strong></span> 
     </span>
    </p>
   </div>
   <div class='ocr_carea' id='block_1_3' title="bbox 754 4389 1259 4451">
    <p class='ocr_par' dir='ltr' id='par_1_11' title="bbox 754 4389 1259 4451">
     <span class='ocr_line' id='line_1_37' title="bbox 754 4389 1259 4451; baseline 0 -12"><span class='ocrx_word' id='word_1_342' title='bbox 754 4392 812 4451; x_wconf 70' lang='lat'><strong>462</strong></span> <span class='ocrx_word' id='word_1_343' title='bbox 830 4389 977 4439; x_wconf 84' lang='lat' dir='ltr'><strong>aleatorem</strong></span> <span class='ocrx_word' id='word_1_344' title='bbox 988 4394 1015 4439; x_wconf 83' lang='grc' dir='ltr'><em>Η</em></span> <span class='ocrx_word' id='word_1_345' title='bbox 1023 4407 1030 4439; x_wconf 78' lang='lat' dir='ltr'><strong>r</strong></span> <span class='ocrx_word' id='word_1_346' title='bbox 1046 4389 1216 4439; x_wconf 85' lang='lat' dir='ltr'><strong>adulatorem</strong></span> <span class='ocrx_word' id='word_1_347' title='bbox 1228 4392 1259 4439; x_wconf 80' lang='grc' dir='ltr'><strong>Ε.</strong></span> 
     </span>
    </p>
   </div>
   <div class='ocr_carea' id='block_1_4' title="bbox 405 4551 1610 5076">
    <p class='ocr_par' dir='ltr' id='par_1_12' title="bbox 405 4551 1610 5076">
     <span class='ocr_line' id='line_1_38' title="bbox 437 4551 1610 4617; baseline -0.001 -15"><span class='ocrx_word' id='word_1_348' title='bbox 437 4556 494 4615; x_wconf 89' lang='grc'><strong>467.</strong></span> <span class='ocrx_word' id='word_1_349' title='bbox 514 4553 566 4617; x_wconf 86' lang='lat' dir='ltr'><strong>aia]</strong></span> <span class='ocrx_word' id='word_1_350' title='bbox 578 4553 627 4617; x_wconf 77' lang='lat' dir='ltr'><strong>Ep.</strong></span> <span class='ocrx_word' id='word_1_351' title='bbox 640 4555 699 4603; x_wconf 82' lang='lat'><strong>810.</strong></span> <span class='ocrx_word' id='word_1_352' title='bbox 713 4555 799 4616; x_wconf 76' lang='lat' dir='ltr'><strong>rac-7.</strong></span> <span class='ocrx_word' id='word_1_353' title='bbox 1031 4554 1126 4616; x_wconf 85' lang='lat' dir='ltr'><strong>plum&#39;</strong></span> <span class='ocrx_word' id='word_1_354' title='bbox 1143 4555 1176 4603; x_wconf 93' lang='lat' dir='ltr'><strong>Iu</strong></span> <span class='ocrx_word' id='word_1_355' title='bbox 1188 4553 1317 4603; x_wconf 80' lang='lat' dir='ltr'><strong>Frobeu&#39;s</strong></span> <span class='ocrx_word' id='word_1_356' title='bbox 1328 4553 1434 4602; x_wconf 90' lang='lat' dir='ltr'><strong>edition</strong></span> <span class='ocrx_word' id='word_1_357' title='bbox 1443 4551 1504 4616; x_wconf 92' lang='lat' dir='ltr'><strong>(the</strong></span> <span class='ocrx_word' id='word_1_358' title='bbox 1513 4552 1610 4604; x_wconf 90' lang='lat' dir='ltr'><strong>third:</strong></span> 
     </span>
     <span class='ocr_line' id='line_1_39' title="bbox 437 4618 1609 4684; baseline 0.003 -18"><span class='ocrx_word' id='word_1_359' title='bbox 437 4634 494 4682; x_wconf 68' lang='lat'><strong>475„</strong></span> <span class='ocrx_word' id='word_1_360' title='bbox 512 4632 529 4666; x_wconf 95' lang='lat' dir='ltr'><strong>a</strong></span> <span class='ocrx_word' id='word_1_361' title='bbox 540 4619 608 4684; x_wconf 89' lang='lat' dir='ltr'><strong>Deo]</strong></span> <span class='ocrx_word' id='word_1_362' title='bbox 620 4619 660 4669; x_wconf 76' lang='lat' dir='ltr'><strong>Of.</strong></span> <span class='ocrx_word' id='word_1_363' title='bbox 675 4619 723 4682; x_wconf 86' lang='lat' dir='ltr'><strong>Ep.</strong></span> <span class='ocrx_word' id='word_1_364' title='bbox 736 4634 792 4680; x_wconf 83' lang='lat'><strong>597.</strong></span> <span class='ocrx_word' id='word_1_365' title='bbox 804 4635 872 4682; x_wconf 77' lang='lat' dir='ltr'><strong>gan.</strong></span> <span class='ocrx_word' id='word_1_366' title='bbox 1032 4621 1210 4684; x_wconf 77' lang='lat' dir='ltr'><strong>reb.151a)a</strong></span> <span class='ocrx_word' id='word_1_367' title='bbox 1228 4620 1357 4680; x_wconf 85' lang='lat' dir='ltr'><strong>marginal</strong></span> <span class='ocrx_word' id='word_1_368' title='bbox 1376 4622 1439 4667; x_wconf 89' lang='lat' dir='ltr'><strong>note</strong></span> <span class='ocrx_word' id='word_1_369' title='bbox 1456 4618 1480 4667; x_wconf 87' lang='lat' dir='ltr'><strong>is</strong></span> <span class='ocrx_word' id='word_1_370' title='bbox 1497 4620 1609 4681; x_wconf 86' lang='lat' dir='ltr'><strong>printed</strong></span> 
     </span>
     <span class='ocr_line' id='line_1_40' title="bbox 437 4683 1610 4750; baseline 0 -16"><span class='ocrx_word' id='word_1_371' title='bbox 437 4686 496 4747; x_wconf 82' lang='lat'><strong>483.</strong></span> <span class='ocrx_word' id='word_1_372' title='bbox 515 4699 575 4733; x_wconf 90' lang='lat' dir='ltr'><strong>eam</strong></span> <span class='ocrx_word' id='word_1_373' title='bbox 583 4684 724 4749; x_wconf 86' lang='lat' dir='ltr'><strong>pagiuam]</strong></span> <span class='ocrx_word' id='word_1_374' title='bbox 734 4685 786 4735; x_wconf 84' lang='lat' dir='ltr'><strong>LB.</strong></span> <span class='ocrx_word' id='word_1_375' title='bbox 795 4687 829 4734; x_wconf 67' lang='lat' dir='ltr'><strong>in</strong></span> <span class='ocrx_word' id='word_1_376' title='bbox 838 4700 900 4747; x_wconf 81' lang='lat'><strong>250.</strong></span> <span class='ocrx_word' id='word_1_377' title='bbox 923 4686 981 4736; x_wconf 79' lang='lat' dir='ltr'><strong>The</strong></span> <span class='ocrx_word' id='word_1_378' title='bbox 1031 4688 1087 4748; x_wconf 91' lang='lat' dir='ltr'><strong>(pp.</strong></span> <span class='ocrx_word' id='word_1_379' title='bbox 1099 4686 1186 4750; x_wconf 79' lang='lat'><strong>23,4):</strong></span> <span class='ocrx_word' id='word_1_380' title='bbox 1208 4684 1342 4734; x_wconf 78' lang='lat' dir='ltr'><strong>‘Censura</strong></span> <span class='ocrx_word' id='word_1_381' title='bbox 1355 4683 1437 4732; x_wconf 88' lang='lat' dir='ltr'><strong>&#39;flrma</strong></span> <span class='ocrx_word' id='word_1_382' title='bbox 1449 4683 1483 4732; x_wconf 94' lang='lat' dir='ltr'><strong>de</strong></span> <span class='ocrx_word' id='word_1_383' title='bbox 1500 4685 1610 4748; x_wconf 91' lang='lat' dir='ltr'><strong>octuplo</strong></span> 
     </span>
     <span class='ocr_line' id='line_1_41' title="bbox 405 4750 1608 4813; baseline 0.002 -16"><span class='ocrx_word' id='word_1_384' title='bbox 405 4754 612 4812; x_wconf 82' lang='lat' dir='ltr'><strong>contemporary</strong></span> <span class='ocrx_word' id='word_1_385' title='bbox 623 4765 716 4799; x_wconf 82' lang='lat' dir='ltr'><strong>owner</strong></span> <span class='ocrx_word' id='word_1_386' title='bbox 735 4751 766 4799; x_wconf 81' lang='lat' dir='ltr'><strong>oi</strong></span> <span class='ocrx_word' id='word_1_387' title='bbox 780 4752 828 4800; x_wconf 91' lang='lat' dir='ltr'><strong>tbe</strong></span> <span class='ocrx_word' id='word_1_388' title='bbox 848 4750 981 4801; x_wconf 86' lang='lat' dir='ltr'><strong>Bodleian</strong></span> <span class='ocrx_word' id='word_1_389' title='bbox 1033 4752 1163 4800; x_wconf 88' lang='lat' dir='ltr'><strong>Psalterio</strong></span> <span class='ocrx_word' id='word_1_390' title='bbox 1182 4751 1329 4813; x_wconf 80' lang='lat' dir='ltr'><strong>Augustini</strong></span> <span class='ocrx_word' id='word_1_391' title='bbox 1349 4750 1518 4800; x_wconf 67' lang='lat' dir='ltr'><strong>Iustiniani)</strong></span> <span class='ocrx_word' id='word_1_392' title='bbox 1553 4751 1608 4800; x_wconf 86' lang='lat' dir='ltr'><strong>But</strong></span> 
     </span>
     <span class='ocr_line' id='line_1_42' title="bbox 405 4815 1370 4879; baseline 0.003 -16"><span class='ocrx_word' id='word_1_393' title='bbox 405 4829 471 4878; x_wconf 81' lang='lat' dir='ltr'><strong>copy</strong></span> <span class='ocrx_word' id='word_1_394' title='bbox 490 4815 568 4876; x_wconf 81' lang='lat' dir='ltr'><strong>(liar.</strong></span> <span class='ocrx_word' id='word_1_395' title='bbox 594 4818 655 4879; x_wconf 86' lang='grc'><strong>887)</strong></span> <span class='ocrx_word' id='word_1_396' title='bbox 678 4816 708 4865; x_wconf 81' lang='lat' dir='ltr'><strong>ol</strong></span> <span class='ocrx_word' id='word_1_397' title='bbox 725 4816 852 4866; x_wconf 78' lang='lat' dir='ltr'><strong>Marteua&#39;</strong></span> <span class='ocrx_word' id='word_1_398' title='bbox 876 4817 982 4868; x_wconf 86' lang='lat' dir='ltr'><strong>edition</strong></span> <span class='ocrx_word' id='word_1_399' title='bbox 1032 4817 1079 4866; x_wconf 91' lang='lat' dir='ltr'><strong>the</strong></span> <span class='ocrx_word' id='word_1_400' title='bbox 1091 4820 1149 4865; x_wconf 86' lang='lat' dir='ltr'><strong>text</strong></span> <span class='ocrx_word' id='word_1_401' title='bbox 1161 4817 1186 4865; x_wconf 87' lang='lat' dir='ltr'><strong>is</strong></span> <span class='ocrx_word' id='word_1_402' title='bbox 1197 4820 1245 4865; x_wconf 91' lang='lat' dir='ltr'><strong>not</strong></span> <span class='ocrx_word' id='word_1_403' title='bbox 1256 4816 1370 4866; x_wconf 89' lang='lat' dir='ltr'><strong>altered.</strong></span> 
     </span>
     <span class='ocr_line' id='line_1_43' title="bbox 405 4880 1421 4946; baseline 0.002 -19"><span class='ocrx_word' id='word_1_404' title='bbox 405 4880 546 4942; x_wconf 84' lang='lat' dir='ltr'><strong>(thsflrst:</strong></span> <span class='ocrx_word' id='word_1_405' title='bbox 559 4882 983 4945; x_wconf 75' lang='lat' dir='ltr'><strong>hug.1517),beingauadmirer</strong></span> <span class='ocrx_word' id='word_1_406' title='bbox 1064 4884 1122 4943; x_wconf 87' lang='grc'><strong>487.</strong></span> <span class='ocrx_word' id='word_1_407' title='bbox 1140 4882 1280 4946; x_wconf 78' lang='lat' dir='ltr'><strong>Episcopo]</strong></span> <span class='ocrx_word' id='word_1_408' title='bbox 1292 4882 1421 4930; x_wconf 89' lang='lat' dir='ltr'><strong>Poncher.</strong></span> 
     </span>
     <span class='ocr_line' id='line_1_44' title="bbox 405 4944 1536 5011; baseline 0.002 -17"><span class='ocrx_word' id='word_1_409' title='bbox 405 4945 435 4994; x_wconf 81' lang='lat' dir='ltr'><strong>ol</strong></span> <span class='ocrx_word' id='word_1_410' title='bbox 442 4944 579 5009; x_wconf 75' lang='lat' dir='ltr'><strong>Erasmus,</strong></span> <span class='ocrx_word' id='word_1_411' title='bbox 592 4948 641 4996; x_wconf 90' lang='lat' dir='ltr'><strong>has</strong></span> <span class='ocrx_word' id='word_1_412' title='bbox 649 4949 763 4997; x_wconf 87' lang='lat' dir='ltr'><strong>written</strong></span> <span class='ocrx_word' id='word_1_413' title='bbox 774 4949 803 4996; x_wconf 93' lang='lat' dir='ltr'><strong>iu</strong></span> <span class='ocrx_word' id='word_1_414' title='bbox 815 4948 863 4997; x_wconf 90' lang='lat' dir='ltr'><strong>tha</strong></span> <span class='ocrx_word' id='word_1_415' title='bbox 875 4950 982 5011; x_wconf 84' lang='lat' dir='ltr'><strong>margin</strong></span> <span class='ocrx_word' id='word_1_416' title='bbox 1065 4948 1121 5008; x_wconf 85' lang='grc'><strong>488.</strong></span> <span class='ocrx_word' id='word_1_417' title='bbox 1140 4947 1240 5011; x_wconf 86' lang='lat' dir='ltr'><strong>literis]</strong></span> <span class='ocrx_word' id='word_1_418' title='bbox 1251 4947 1289 4996; x_wconf 82' lang='lat' dir='ltr'><strong>cf.</strong></span> <span class='ocrx_word' id='word_1_419' title='bbox 1303 4946 1351 5010; x_wconf 83' lang='lat' dir='ltr'><strong>Ep.</strong></span> <span class='ocrx_word' id='word_1_420' title='bbox 1366 4962 1421 5009; x_wconf 86' lang='grc'><strong>744.</strong></span> <span class='ocrx_word' id='word_1_421' title='bbox 1438 4949 1468 4995; x_wconf 80' lang='lat' dir='ltr'><strong>re</strong></span> <span class='ocrx_word' id='word_1_422' title='bbox 1479 4961 1536 5008; x_wconf 84' lang='lat' dir='ltr'><strong>seq.</strong></span> 
     </span>
     <span class='ocr_line' id='line_1_45' title="bbox 407 5009 1608 5076; baseline 0.003 -17"><span class='ocrx_word' id='word_1_423' title='bbox 407 5011 449 5075; x_wconf 67' lang='lat' dir='ltr'><strong>(P.</strong></span> <span class='ocrx_word' id='word_1_424' title='bbox 472 5009 500 5060; x_wconf 83' lang='lat' dir='ltr'><strong>b⁸</strong></span> <span class='ocrx_word' id='word_1_425' title='bbox 520 5013 588 5071; x_wconf 85' lang='lat' dir='ltr'><strong>v0.):</strong></span> <span class='ocrx_word' id='word_1_426' title='bbox 614 5013 708 5062; x_wconf 85' lang='lat' dir='ltr'><strong>‘Ridet</strong></span> <span class='ocrx_word' id='word_1_427' title='bbox 727 5013 890 5063; x_wconf 84' lang='lat' dir='ltr'><strong>Psclterium</strong></span> <span class='ocrx_word' id='word_1_428' title='bbox 911 5019 982 5065; x_wconf 82' lang='lat' dir='ltr'><strong>octa·</strong></span> <span class='ocrx_word' id='word_1_429' title='bbox 1065 5028 1121 5075; x_wconf 81' lang='lat'><strong>491·</strong></span> <span class='ocrx_word' id='word_1_430' title='bbox 1134 5012 1608 5076; x_wconf 77' lang='lat' dir='ltr'><strong>infamulioium]seeEp.370.18u.</strong></span> 
     </span>
    </p>
   </div>
   <div class='ocr_carea' id='block_1_5' title="bbox 0 0 1938 6034">
    <p class='ocr_par' dir='ltr' id='par_1_13' title="bbox 0 0 1938 6034">
     <span class='ocr_line' id='line_1_46' title="bbox 0 0 1938 6034; baseline 0 0"><span class='ocrx_word' id='word_1_431' title='bbox 0 0 1938 6034; x_wconf 95' lang='lat' dir='ltr'><strong> </strong></span> 
     </span>
    </p>
   </div>
  </div>
 </body>
</html>
