3867 6034
406 702 469 765 cca
759 699 949 763 mmsas
977 701 1031 762 oe
1058 698 1261 762 maenus
1554 697 1640 783 [ῳ.

407 873 516 918 meum
529 873 596 915 esse
612 853 859 931 suspicabantur,
876 875 949 915 eum
967 858 1055 916 tanta
1070 855 1114 916 sit
1129 854 1284 916 orationis
1298 854 1570 932 dissimilitudo,
1585 857 1641 918 ino

349 971 482 1034 ignum
501 954 629 1013 tantum
648 951 750 1012 absim
770 950 811 1012 ab
831 951 919 1013 illius
941 952 1046 1013 diuini
1068 951 1229 1014 Praesulis
1250 953 1463 1016 eruditione.
1512 955 1584 1016 Neo
1602 955 1641 1018 da

407 1050 538 1112 fuerunt
551 1051 607 1127 qui
626 1048 707 1112 llori
725 1049 877 1126 Vtopiam
895 1049 977 1110 mihi
997 1050 1225 1113 asscriberentr
1245 1050 1329 1111 adeo
1354 1051 1531 1131 quioquid
1545 1052 1640 1131 prodit

407 1167 538 1223 nouum,
553 1148 652 1209 velim
664 1148 773 1221 nolim,
789 1167 897 1211 meum
911 1152 969 1209 est.

448 1246 573 1309 Prodiit
602 1250 676 1308 ante
702 1265 827 1310 menses
853 1246 984 1324 aliquot,
1013 1250 1047 1308 et
1072 1246 1190 1323 prodiit
1216 1246 1314 1308 malis
1344 1249 1489 1325 auibus,
1517 1248 1640 1312 libellus

406 1344 537 1422 quidam
557 1344 717 1420 ridiculm,
739 1363 834 1421 quem
854 1344 889 1403 in
911 1344 1081 1405 schismate
1104 1343 1247 1421 proximo
1271 1346 1450 1424 scriptam
1473 1366 1551 1408 esee
1571 1345 1639 1408 salia

351 1450 397 1503 160
407 1442 511 1520 arguit
527 1441 633 1519 ipsum
651 1444 894 1519 argumentum
914 1442 969 1503 sed
983 1461 1003 1502 a
1016 1462 1079 1520 quo
1099 1442 1256 1503 incertum
1275 1446 1337 1518 eet,
1355 1444 1431 1505 nisi
1453 1445 1549 1524 quod
1565 1445 1638 1506 liber

406 1539 524 1604 indicat
550 1560 633 1616 eum,
662 1540 803 1618 quisquis
830 1538 900 1614 fuit,
930 1539 1048 1601 fauisse
1075 1539 1183 1601 Gallia
1240 1539 1397 1618 Suspicio
1428 1564 1496 1621 per
1524 1544 1636 1605 mults

407 1637 597 1715 obambulat,
611 1638 793 1716 praesertim
808 1638 892 1715 apud
912 1638 1109 1713 Germanou
1128 1657 1204 1700 nam
1221 1639 1308 1717 apud
1324 1638 1395 1702 hos
1409 1643 1521 1703 variis
1540 1640 1634 1704 titilie

407 1736 541 1798 habetur
566 1737 747 1815 descriptus
791 1735 887 1796 Hunc
910 1736 1008 1813 igitur
1031 1756 1104 1798 cum
1129 1738 1202 1797 ante
1226 1737 1423 1813 complures
1451 1760 1565 1801 annos
1588 1740 1631 1800 hit

407 1835 629 1913 comperissem
645 1835 753 1896 haberi
770 1835 891 1907 furtim,
911 1854 946 1895 ac
966 1833 1113 1895 libellum
1128 1834 1483 1912 degustassem-nam
1497 1839 1630 1917 percurri

349 1933 513 2008 165verius
535 1951 630 2009 quam
650 1931 817 2011 perlegi-,
834 1931 929 1992 multi
943 1934 1040 1992 testes
1058 1935 1134 1994 sunt
1148 1934 1347 2010 quantopere
1362 1935 1433 1997 sim
1458 1940 1625 2007 execratas

407 2033 587 2109 quantoque
605 2030 710 2092 studio
730 2030 850 2107 egerim
868 2033 904 2091 vt
921 2031 1058 2092 aeternis
1075 2029 1213 2092 tenebris
1230 2031 1424 2095 abderetur:
1450 2034 1488 2095 id
1505 2034 1626 2114 quodin

407 2128 479 2190 aliis
500 2148 621 2207 quoque
645 2127 763 2190 libellis
786 2147 806 2191 a
829 2148 881 2189 me
904 2129 1024 2190 notun
1048 2128 1145 2190 multi
1172 2128 1372 2191 fatebuntur.
1422 2133 1624 2195 Testaturct

406 2227 539 2305 epistole
552 2226 704 2306 quaedam
718 2246 787 2287 mea
795 2227 834 2286 ad
845 2226 1000 2287 Ioannem
1009 2226 1204 2302 Caesareum,
1216 2247 1314 2304 quam
1326 2228 1472 2306 quidsm
1483 2231 1624 2294 Coloniae

406 2325 519 2387 furtim
541 2325 728 2403 descriptam
752 2324 951 2402 euulgarunt.
992 2324 1035 2385 Et
1057 2325 1150 2386 audio
1172 2324 1325 2403 quosdam
1348 2326 1456 2389 isthic
1481 2328 1621 2406 sesequi

347 2448 395 2502 170
406 2422 502 2485 huius
526 2443 649 2501 quoque
673 2422 773 2484 libelli
796 2422 1005 2499 smpioionem
1029 2423 1110 2483 mihi
1134 2425 1289 2483 conantur
1311 2422 1526 2503 impingere:
1553 2426 1620 2488 adeo

406 2522 491 2582 nihil
513 2521 705 2581 nonatum
726 2520 909 2598 relinquunt
929 2520 984 2579 isti
1006 2520 1061 2597 qui
1084 2520 1192 2580 dolent
1212 2519 1416 2582 reflorescere
1440 2524 1571 2601 linguas
1588 2542 1619 2582 ac

407 2618 539 2679 meliora
558 2618 671 2679 studia
715 2618 903 2695 Impingunt
923 2620 1029 2678 autem
1051 2638 1115 2678 non
1135 2618 1197 2678 alio
1215 2605 1289 2678 fleti
1309 2625 1512 2696 argumento
1531 2641 1616 2699 quam

407 2714 495 2789 stili;
524 2715 579 2792 qui
599 2719 707 2775 tamen
730 2716 793 2776 mei
816 2735 882 2777 non
908 2715 1079 2776 admodum
1101 2715 1215 2776 similis
1238 2719 1295 2790 est,
1322 2717 1390 2778 nisi
1418 2739 1518 2781 meus
1543 2718 1615 2780 mihi

405 2831 518 2891 parum
541 2815 590 2872 eet
611 2813 763 2890 cognitus.
804 2813 990 2890 Quanquam
1018 2814 1096 2890 quid
1122 2814 1239 2874 mirum
1266 2814 1344 2875 adeo
1374 2815 1464 2877 foret
1492 2815 1613 2896 siquid

346 2932 393 2986 175
405 2909 474 2970 illic
486 2912 543 2969 aut
555 2908 633 2970 alibi
646 2930 719 2971 cum
735 2930 807 2971 mea
824 2911 931 2987 phrasi
949 2913 1156 2989 congrueret?
1176 2930 1249 2972 cum
1268 2931 1363 2973 nemo
1382 2913 1489 2976 ferme
1508 2915 1612 2975 scribat

406 3007 492 3070 hisce
512 3007 707 3087 temporibus
727 3009 782 3085 qui
800 3027 865 3068 non
884 3008 1003 3086 aliquid
1024 3009 1087 3069 mei
1107 3009 1175 3069 stili
1195 3008 1331 3082 referat;
1351 3014 1525 3088 propterea
1537 3010 1610 3090 quod

406 3126 495 3168 meae
521 3106 754 3167 lucubrationes
779 3105 922 3167 omnium
950 3125 1030 3183 pene
1058 3107 1203 3168 manibus
1230 3108 1382 3180 terantur,
1411 3109 1494 3170 adeo
1523 3112 1558 3170 vt
1582 3109 1610 3168 in

406 3206 520 3267 horum
550 3205 645 3267 etiam
668 3203 758 3266 libris
782 3204 836 3283 qui
860 3204 1001 3265 scribunt
1027 3205 1196 3266 aduersum
1223 3224 1282 3278 me,
1310 3224 1377 3265 non
1406 3226 1482 3267 raro
1509 3208 1609 3268 stilum

407 3322 515 3364 meum
528 3323 702 3381 agnoscam,
722 3322 833 3380 meque
847 3301 928 3362 maie
941 3302 1054 3380 pennis
1068 3302 1211 3380 transfigi
1225 3302 1370 3364 sentiam.

349 3415 396 3465 180
449 3402 583 3462 Nullum
601 3402 703 3461 adhuc
722 3420 802 3479 opus
815 3401 995 3478 conscripsi,
1012 3420 1112 3478 neque
1130 3400 1362 3477 conscriptums
1382 3422 1468 3477 eum,
1483 3404 1535 3464 cui
1553 3422 1607 3463 non

406 3499 576 3577 praefigam
600 3518 706 3560 mcum
726 3518 853 3559 nomen.
896 3499 1046 3559 Lusimue
1068 3498 1145 3558 olim
1167 3499 1201 3558 in
1227 3497 1333 3574 Moris,
1358 3500 1417 3560 sed
1441 3501 1607 3571 incruente,

407 3596 481 3659 licet
494 3598 626 3657 fortasse
638 3597 710 3675 plus
723 3597 800 3658 satis
813 3597 916 3659 libere.
961 3598 1124 3659 Caeterum
1144 3595 1224 3656 illud
1240 3616 1363 3674 semper
1382 3600 1465 3675 caui,
1481 3620 1523 3661 ne
1540 3594 1607 3676 quid

407 3715 426 3756 a
447 3715 499 3756 me
518 3695 763 3772 proficisceretur
782 3695 865 3772 quod
885 3695 937 3756 vel
959 3694 1168 3756 obscoenitate
1188 3693 1313 3755 vitiaret
1332 3695 1548 3771 iuuentutem,
1565 3693 1608 3756 val

408 3794 514 3871 aliquo
527 3798 618 3871 pacto
631 3794 765 3855 officeret
781 3793 903 3871 pietati,
917 3794 969 3855 vel
987 3793 1174 3854 seditionem
1194 3796 1250 3855 aut
1267 3792 1442 3855 factionem
1461 3797 1605 3874 gigneret

348 3891 685 3969 185velvlliusiamae
699 3894 808 3952 notam
821 3894 924 3953 atram
935 3891 1087 3953 allineret
1131 3891 1286 3970 Quicquid
1297 3891 1456 3953 hactenus
1466 3894 1606 3956 sudatum

408 3992 463 4066 eat,
494 3989 642 4050 iuuandis
669 3990 811 4051 honestis
838 3989 960 4064 studiis,
991 3990 1208 4067 prouehendae
1238 3987 1386 4064 religioni
1415 3989 1606 4053 Christianae

442 4195 496 4243 154.
517 4180 589 4229 imo.
606 4215 631 4229 ..
649 4193 704 4241 15⁵·
718 4179 873 4229 eruditione
883 4183 941 4227 sid.
952 4183 982 4227 1.
1066 4180 1118 4238 163.
1139 4176 1274 4226 HuncH:
1292 4176 1337 4225 hic
1350 4181 1372 4224 Ε
1449 4178 1604 4228 hicoddll.

409 4261 464 4308 177.
484 4246 608 4295 omnium
619 4259 690 4307 pene
700 4249 740 4293 E:
763 4244 912 4293 multorum
923 4249 952 4293 F.
1055 4244 1109 4305 185.
1128 4242 1253 4292 allinirct
1264 4246 1296 4290 H.

414 4353 669 4364 ———----v..-—

441 4425 496 4473 155.
513 4410 604 4459 diuini
624 4408 771 4473 Praeeulis]
793 4408 850 4457 'l'he
870 4411 934 4457 tone
954 4408 984 4455 ol
1033 4406 1094 4470 (Ep.
1107 4410 1164 4468 961.
1177 4420 1208 4467 37
1221 4406 1270 4467 n).

406 4476 464 4527 this
473 4476 598 4526 addition
607 4477 688 4525 about
697 4475 792 4524 lisher
802 4473 896 4524 iuliis
906 4474 982 4536 quite
1069 4474 1122 4534 1⁶3.
1144 4470 1304 4534 descriptus]
1331 4470 1382 4519 For
1408 4472 1485 4522 uss,
1513 4472 1543 4522 ol
1564 4472 1605 4521 the

405 4541 535 4591 different
543 4542 613 4591 from
621 4541 683 4590 that
691 4539 982 4604 oithepassageadded
1032 4539 1114 4587 lullae
1123 4552 1168 4587 aee
1179 4537 1228 4599 llp.
1242 4550 1291 4598 soa
1302 4535 1404 4585 introd.

404 4611 433 4658 to
447 4608 496 4670 sp.
509 4622 567 4669 ²37·
581 4608 660 4668 14·16
671 4606 701 4654 in
713 4606 750 4657 E.
1067 4605 1123 4652 16⁶.
1139 4602 1294 4666 abdaratur]
1312 4601 1351 4650 cf.
1364 4602 1417 4664 Ep.
1427 4604 1490 4663 63⁶.
1505 4604 1576 4653 26-8.

439 4674 492 4736 158.
511 4672 632 4737 libellus]
644 4671 701 4721 'l'he
709 4675 788 4721 lulius
797 4675 921 4721 murm:
937 4685 982 4719 see
1067 4669 1121 4717 168.
1138 4665 1264 4731 epistola]
1275 4668 1323 4730 Ep.
1336 4667 1394 4716 dea.

404 4739 471 4804 Epp.
485 4738 656 4801 sosintrod,
669 4740 726 4800 961.
740 4752 772 4799 54
784 4753 839 4799 seq.
1067 4735 1120 4783 181.
1140 4732 1359 4847 Lusimuaolimd
1368 4731 1410 4781 Of.
1423 4733 1473 4796 Ep.
1488 4736 1594 4784 omi.

438 4807 493 4853 1⁶1.
511 4806 609 4854 fauisse
626 4804 713 4854 Gellia
740 4803 797 4852 The
814 4802 918 4851 French
935 4815 981 4849 are
1066 4802 1120 4862 185.
1135 4797 1320 4861 allineret]0f.
1360 4801 1564 4863 or.A.P.446‚·1.
1582 4798 1605 4848 lt

403 4868 559 4933 frequently
570 4870 694 4921 mention
739 4868 921 4928 inthelatica,
931 4867 981 4916 but
1030 4866 1055 4915 ia
1071 4863 1224 4914 notioeable
1239 4864 1301 4914 that
1316 4864 1347 4912 in
1363 4865 1392 4914 Η
1409 4864 1458 4913 tho
1475 4865 1487 4913 i
1504 4864 1604 4916 formis

402 4935 659 4999 withlittlepraiae.
684 4933 979 4998 liorepmbablyllraa·
1030 4928 1209 4981 introduced:
1231 4929 1322 4979 which
1345 4929 1369 4979 is
1391 4930 1465 4979 cited
1494 4932 1525 4980 in
1545 4935 1602 4980 nn

402 5014 464 5051 mua
482 5001 538 5051 had
554 5002 586 5054 in
603 5002 649 5052 hia
663 5000 743 5051 mind
762 5002 878 5050 vtem
893 5000 981 5047 obstant
1029 5001 1098 5057 ung.
1107 5000 1159 5046 tot
1168 4994 1238 5047 from
1248 4994 1386 5045 Palladius
1393 4995 1449 5045 md
1457 4995 1539 5047 Καὶ.
1545 4995 1602 5056 (lap
