3867 6034
465 700 524 761 184
811 694 1002 758 LE'H'ERS
1030 695 1083 757 OF
1110 694 1311 756 ERASMUS
1566 688 1662 774 [1518

422 882 453 917 ιο
462 856 579 917 frustra
591 875 643 916 me
656 854 775 933 penitet
788 853 897 914 libello
910 853 983 929 plus
997 851 1162 913 duodecies
1172 869 1293 912 excuso.
1338 849 1424 910 Illud
1446 849 1590 925 demiror,
1607 869 1663 911 cur

463 954 607 1013 omnium
625 954 687 1013 soli
708 951 854 1012 monachi
871 954 904 1010 et
922 949 1061 1026 theologi
1077 948 1286 1009 offendantur.
1329 949 1381 1009 An
1402 966 1513 1007 ornnes
1531 967 1566 1008 se
1582 947 1663 1008 tales

462 1055 634 1129 agnoscunt
648 1050 755 1128 quales
769 1049 835 1109 illic
849 1047 1014 1109 describo?
1056 1046 1206 1107 Summus
1219 1044 1367 1106 Pontifex
1381 1045 1515 1122 perlegit
1529 1045 1665 1107 noriam

462 1151 495 1209 et
515 1147 594 1209 risit.
635 1148 773 1208 Tantum
794 1146 853 1206 hoc
873 1145 1006 1207 adiecit:
1030 1145 1196 1205 ‘Gaudeo’
1216 1144 1329 1220 inquit,
1355 1144 1517 1203 ‘nostrum
1539 1162 1665 1222 quoque

462 1244 631 1306 Erasmum
652 1264 720 1305 esse
743 1246 778 1304 in
802 1243 939 1317 Moria’3
959 1245 993 1302 et
1016 1245 1124 1302 tamen
1148 1241 1256 1301 nullos
1279 1240 1421 1301 acerbius
1443 1243 1543 1302 tracto
1568 1261 1666 1318 quem
1706 1289 1710 1295 .

423 1362 450 1414 15
462 1342 631 1419 pontifices
675 1341 770 1403 Absit
797 1361 816 1401 a
843 1360 895 1401 me
922 1340 1066 1401 studium
1092 1339 1318 1401 maledicentia
1363 1338 1452 1414 Quod
1480 1339 1509 1400 si
1536 1338 1666 1402 libuerit

461 1438 632 1500 describere
656 1440 815 1515 theologos
843 1458 878 1498 ec
910 1436 1089 1510 monotheo,
1115 1436 1290 1497 cuiusmodi
1318 1436 1457 1515 plerique
1484 1440 1569 1512 sunt,
1594 1441 1665 1500 tum

461 1538 591 1599 demum
605 1538 800 1616 appamisset
813 1556 909 1615 quam
922 1535 1057 1597 ciuiliter
1071 1536 1109 1596 de
1123 1536 1175 1596 his
1188 1536 1293 1596 locutu
1305 1536 1349 1595 sit
1362 1535 1468 1595 Moris.

503 1636 591 1711 Quod
613 1640 721 1698 autem
749 1638 783 1697 in
812 1635 929 1696 scholis
959 1632 1115 1714 legat<ur>,
1142 1635 1273 1695 antehac
1301 1655 1465 1712 nunquam
1492 1636 1573 1696 mihi
1603 1638 1666 1697 fuit

461 1734 613 1796 auditum
658 1735 700 1796 Et
727 1738 835 1795 temen
862 1733 932 1793 caui
958 1753 1000 1793 ne
1027 1734 1102 1812 quid
1130 1733 1195 1793 illic
1219 1736 1302 1793 esset
1323 1734 1407 1811 quod
1431 1753 1501 1794 eem
1523 1734 1666 1797 inficeret

421 1833 603 1893 romtatem.
644 1833 774 1893 Etenim
798 1831 882 1909 quod
903 1835 939 1892 tu
963 1831 1056 1891 times
1078 1851 1118 1891 ne
1140 1852 1177 1891 ea
1199 1831 1280 1891 lecta
1307 1831 1484 1892 alienentur
1510 1833 1550 1893 ab
1575 1833 1666 1894 omni

460 1928 620 2007 religione,
636 1950 701 1990 non
715 1929 792 1990 eatis
805 1928 950 2006 intelligo
964 1929 1040 2006 quid
1053 1928 1115 1989 sibi
1128 1928 1231 1989 velit?
1270 1929 1325 1988 An
1334 1928 1479 2005 protinus
1489 1930 1664 2006 periculum

460 2030 508 2088 est
516 2048 556 2088 ne
565 2031 631 2089 tota
638 2028 746 2105 religio
754 2028 923 2105 displiceat
934 2028 963 2087 si
973 2026 1049 2104 quid
1060 2024 1474 2106 dicaturinsupersti<ti)ose
1482 2028 1665 2105 religiosos?

460 2126 567 2203 Atque
586 2125 710 2187 vtinam
741 2144 850 2185 omnes
879 2124 934 2203 qni
958 2144 1044 2184 nunc
1071 2124 1208 2201 religiosi
1232 2128 1392 2201 vocantur,
1423 2144 1459 2185 eo
1485 2126 1575 2203 digni
1599 2128 1665 2188 sint

460 2224 645 2300 cognomine
656 2225 664 2283 1
699 2222 770 2282 Imo
784 2222 887 2282 dicam
900 2221 1041 2296 liberius,
1058 2222 1183 2281 vtinam
1196 2221 1258 2299 ipsi
1271 2222 1445 2283 sacerdotes
1459 2223 1615 2301 prophani
1628 2245 1664 2286 ac

419 2340 449 2392 ²5
459 2320 674 2397 promiscuum
692 2319 808 2396 vulgus
829 2318 874 2379 ita
897 2337 1006 2379 veram
1028 2318 1147 2380 Christi
1172 2318 1357 2395 religionem
1380 2324 1523 2396 sectetur,
1550 2326 1586 2383 vt
1610 2325 1664 2402 qui

460 2436 545 2477 nunc
559 2417 619 2478 soli
633 2417 771 2495 religiosi
785 2417 941 2487 dicuntur,
953 2436 1018 2476 non
1032 2416 1201 2478 videantur
1214 2416 1366 2494 religiosi!
1408 2418 1545 2481 Mundus
1558 2441 1665 2484 mons·

460 2514 565 2574 steriis
578 2514 695 2592 vbique
708 2514 830 2592 plenus
860 2513 924 2573 Nec
938 2516 1046 2574 tamen
1060 2514 1164 2575 vllum
1178 2514 1320 2575 instituti
1337 2535 1438 2593 genus
1452 2517 1588 2580 damno:
1608 2522 1663 2582 sed

458 2610 527 2688 ipse
541 2611 706 2673 subducite
726 2632 821 2690 quam
841 2612 934 2688 pauci
954 2612 989 2672 in
1009 2612 1060 2672 his
1081 2612 1137 2690 qui
1156 2618 1259 2690 preter
1278 2613 1402 2674 cultum
1422 2618 1455 2675 et
1471 2619 1664 2680 ceremonias

460 2708 627 2786 quicquam
647 2710 782 2770 habeant
801 2730 874 2770 vere
895 2710 1075 2787 religionis;
1094 2709 1261 2790 (plerique)
1278 2712 1445 2790 plusquam
1463 2716 1661 2777 mundanum

417 2830 449 2878 3ο
459 2805 622 2867 hominem
635 2809 757 2885 gerunt.
800 2808 868 2883 Ego
881 2808 1003 2869 nullius
1015 2808 1118 2869 adhuc
1132 2808 1272 2869 hominis
1285 2809 1403 2869 famam
1415 2814 1517 2872 atrum
1531 2814 1660 2876 reddidi

461 2902 501 2963 In
514 2905 694 2965 communia
707 2906 739 2963 et
752 2905 900 2966 omnibus
913 2904 1078 2967 notissima
1091 2906 1276 2967 mortalium
1290 2907 1369 2967 vicia
1382 2907 1454 2969 lusi.

499 2999 542 3061 at
555 3004 662 3061 tamen
683 3002 718 3061 in
739 3002 849 3062 ceteris
868 3003 999 3079 posthac
1012 3022 1103 3080 agam
1118 3003 1317 3065 moderatius.
1362 3006 1450 3081 Quod
1464 3006 1493 3067 si
1505 3008 1575 3068 fieri
1595 3029 1662 3071 non

458 3101 561 3176 potest
573 3103 610 3158 vt
623 3097 695 3160 istis
707 3098 897 3177 quibusdam
910 3101 1107 3172 satisfaciam,
1122 3102 1266 3177 exemplo
1281 3101 1373 3162 Pauli
1395 3124 1446 3164 me
1467 3107 1659 3183 consolabor,

459 3194 515 3273 qui
527 3214 584 3273 per
597 3194 759 3258 infamiam
778 3200 811 3258 et
826 3197 942 3259 bonam
955 3199 1074 3259 famam
1094 3198 1127 3260 id
1149 3200 1230 3275 quod
1249 3202 1370 3259 rectum
1382 3204 1449 3261 erat
1462 3208 1589 3266 secutus
1602 3211 1658 3268 est

416 3317 446 3369 3⁵
459 3292 549 3355 corte
569 3293 602 3354 id
623 3314 778 3371 assequor,
797 3298 841 3368 vt,
862 3297 890 3355 si
910 3314 975 3356 non
999 3295 1112 3372 probor
1134 3296 1173 3356 ab
1196 3297 1351 3372 omnibus,
1375 3302 1458 3359 certe
1485 3301 1599 3378 prober
1621 3305 1661 3365 ab

458 3393 589 3470 optimis
605 3412 641 3453 ac
660 3392 817 3453 maximis.
860 3392 903 3453 Et
915 3394 1048 3455 fortasse
1063 3393 1236 3455 laudabunt
1254 3398 1416 3456 mortuum
1436 3418 1529 3475 quem
1544 3401 1660 3463 rodunt

457 3489 576 3553 viuum
620 3492 707 3552 Bene
734 3492 811 3566 vale,
843 3497 931 3570 pater
959 3493 1087 3571 optime,
1117 3511 1236 3571 nosque
1267 3494 1332 3554 tuis
1360 3496 1503 3573 precibus
1534 3499 1661 3562 Christo

458 3589 649 3650 commenda
694 3590 828 3650 Louanii
842 3592 1002 3668 postridie.
1019 3589 1083 3651 cel.
1100 3590 1209 3653 Ianua.
1252 3593 1349 3652 Anno
1364 3612 1431 3654 ran.
1450 3600 1494 3654 18.

805 3808 877 3869 750.
923 3804 973 3870 Το
995 3807 1136 3871 Manrru
1159 3808 1313 3873 ersrus

495 3955 622 4011 Brusscls
634 3956 693 4013 MS.
706 3961 822 4028 4850-7,
835 3958 855 4013 f.
871 3974 922 4027 140
934 3959 983 4030 (a).
1405 3962 1574 4038 (Βουναία)

494 4041 636 4099 Dercnter
649 4043 706 4099 MS.
720 4060 762 4114 91,
777 4044 796 4099 f.
810 4061 845 4115 49
856 4050 888 4098 νο
902 4045 953 4116 (β).
1352 4050 1497 4123 (denuary
1512 4056 1579 4124 1518
1588 4054 1622 4126 f>

495 4129 528 4184 D.
542 4147 571 4201 p.
586 4131 651 4186 180:
670 4131 700 4187 F.
712 4149 741 4201 p.
756 4145 822 4202 157:
841 4132 911 4189 HN:
931 4133 1020 4190 Lond.
1032 4134 1075 4191 iii.
1088 4150 1137 4192 22:
1160 4135 1214 4191 LB.
1226 4137 1300 4207 App.
1312 4153 1372 4208 239.

491 4268 571 4333 [This
580 4267 663 4317 letter
673 4268 697 4316 is
709 4268 803 4329 copied
814 4268 849 4330 by
861 4270 975 4331 Lypsius
985 4272 1017 4320 in
1028 4270 1076 4320 the
1087 4273 1210 4323 Brussels
1221 4274 1276 4324 MS.
1286 4276 1345 4339 (Ep.
1354 4278 1403 4338 296
1413 4278 1526 4342 introd.)
1536 4279 1592 4329 end
1603 4281 1660 4332 sleo

459 4334 495 4397 by
510 4333 594 4384 Hand
611 4333 631 4383 (t
646 4333 758 4397 (Nepos)
772 4334 802 4381 in
818 4334 864 4383 the
881 4334 1019 4385 Deventer
1035 4336 1203 4388 letter-book.
1238 4340 1295 4389 'Phe
1312 4345 1366 4391 two
1383 4345 1566 4406 manuscripts
1582 4361 1659 4409 agree

457 4399 558 4464 closely
568 4399 699 4464 together,
712 4399 768 4450 and
778 4399 858 4449 differ
868 4399 966 4450 almost
978 4403 1170 4466 unanimonsly
1180 4404 1249 4454 from
1261 4405 1308 4455 the
1317 4409 1427 4468 printed
1437 4409 1574 4471 vclumes;
1586 4413 1660 4462 their

491 4544 530 4593 18.
549 4542 715 4605 legsturLB.
845 4556 885 4591 sc.
903 4544 961 4591 LB:
978 4542 1197 4595 alienanturrrs
1331 4563 1372 4609 23.
1390 4550 1512 4601 sinttB:
1530 4558 1657 4605 enntKS.

457 4622 495 4668 27·
513 4611 605 4657 tamen
615 4611 671 4658 LB:
689 4611 720 4657 tr'r
730 4612 783 4659 Hs.
884 4607 926 4658 28.
942 4608 1084 4658 subducite
1095 4613 1137 4658 LB
1148 4628 1155 4659 ε
1177 4611 1312 4663 sublucito
1323 4618 1377 4665 HS.
1475 4633 1516 4679 30.
1534 4619 1590 4683 Ego
1601 4624 1659 4670 LB:

458 4672 526 4736 Ergo
537 4676 590 4724 HS.
688 4686 729 4736 35.
746 4674 843 4736 prober
853 4676 909 4723 LB:
927 4674 1026 4736 probor
1037 4678 1089 4724 18.

491 4851 529 4886 ro.
564 4835 1032 4901 luednodccieslltoughlysocurate:
1119 4856 1157 4902 ¹4·
1175 4844 1332 4909 Erasmum]
1343 4847 1383 4896 (tf.
1395 4847 1444 4909 Ep.
1458 4863 1512 4910 739
1527 4866 1583 4911 9n.

456 4916 500 4952 see
513 4902 537 4951 B
584 4936 592 4951 .
1115 4922 1157 4966 ²4·
1174 4910 1319 4975 prophani]
1331 4928 1361 4961 ec.
1375 4913 1516 4964 seculares.

491 4982 529 5017 rs.
548 4967 686 5032 Pontifex]
698 4967 737 5017 (tf.
749 4968 798 5032 Ep.
813 4983 869 5031 333
885 4984 979 5032 rnen.
1115 4987 1156 5034 33.
1175 4974 1266 5040 Pauli]
1278 4991 1293 5022 α
1306 4977 1363 5027 Cor.
1376 4980 1400 5026 6.
1412 4978 1435 5026 8.
