3867 6034
412 699 474 762 sse
756 696 946 759 sumnus
973 696 1026 759 os
1054 697 1254 760 essenus
1545 694 1638 780 [ψῃ

408 874 474 918 sese
492 856 547 934 qni
565 854 672 916 omnia
689 859 815 931 norunt,
829 875 931 917 essem
948 853 1043 932 longe
1055 854 1266 917 libentissime
1278 873 1319 915 ex
1333 852 1513 931 proximo,
1529 856 1640 932 parent

365 951 461 1032 s5qui
484 956 568 1014 recte
592 951 744 1014 monenti.
786 952 831 1013 Et
853 972 945 1031 spero
969 972 1022 1013 me
1043 952 1089 1013 ita
1112 952 1281 1014 ducturum
1301 952 1414 1014 vitam
1441 955 1486 1014 vt
1510 971 1588 1014 meo
1610 956 1638 1011 et

409 1050 586 1112 charisimi
599 1050 703 1129 patrui
716 1051 830 1112 honori
842 1071 907 1112 non
920 1050 1023 1112 desim
1034 1073 1041 1124 ;
1063 1051 1153 1112 cuius
1165 1050 1200 1111 in
1217 1070 1269 1112 me
1287 1050 1503 1112 charitatem
1523 1050 1638 1111 merito

408 1147 575 1227 plusquam
597 1151 760 1227 paternam
781 1148 955 1227 appellasti
999 1150 1107 1229 Neque
1130 1148 1217 1209 enim
1236 1151 1346 1226 posset
1367 1168 1429 1209 me
1455 1151 1533 1209 tam
1554 1152 1638 1209 arcto

408 1265 513 1309 amore
529 1246 705 1324 complecti,
719 1246 780 1308 etsi
799 1246 880 1307 mihi
900 1246 950 1308 bis
969 1249 1059 1325 pater
1078 1249 1178 1322 esset;
1198 1245 1250 1307 cui
1270 1244 1371 1306 etiam
1393 1266 1465 1325 ego
1486 1246 1568 1325 plus
1587 1266 1637 1307 mc

408 1344 519 1405 debere
537 1345 684 1423 profiteor
700 1363 794 1421 qnam
814 1347 928 1422 patruo
947 1346 981 1407 et
999 1345 1083 1423 patri
1102 1343 1400 1405 beneficentissimis
1423 1344 1546 1406 simul
1590 1344 1636 1405 De

364 1442 583 1515 coemditione
603 1440 685 1503 illud
707 1461 764 1520 ego
783 1441 818 1502 in
838 1441 950 1521 primis
969 1445 1109 1520 optarem
1130 1442 1205 1517 fieri,
1224 1441 1253 1502 si
1272 1444 1391 1519 posset,
1409 1445 1453 1505 vt
1478 1444 1633 1505 Graecam

407 1538 496 1601 illam
510 1539 759 1621 ἱγκυκλοπαιδοίαν
771 1537 984 1615 absoluerem3
1001 1541 1082 1620 quod
1094 1540 1165 1602 siid
1176 1538 1404 1617 perimmensa
1419 1559 1494 1601 non
1505 1539 1633 1602 licuerit

407 1638 541 1717 negocia
556 1640 647 1712 certe,
663 1640 700 1698 vt
711 1637 1059 1713 consulis,'melioribns
1071 1657 1122 1698 me
1135 1638 1247 1699 dedam
1261 1636 1460 1717 disciplinis,
1477 1642 1581 1717 atque
1594 1638 1631 1698 iis

407 1738 447 1798 ad
469 1755 547 1814 quae
567 1738 690 1813 meapte
707 1739 820 1813 sponte
839 1738 873 1796 et
891 1739 1004 1797 nature
1023 1736 1114 1810 feror,
1131 1735 1169 1796 ed
1191 1735 1426 1796 mansuetiores
1450 1734 1577 1812 Musae,
1591 1737 1628 1796 sd

407 1833 595 1913 elegantiam
616 1833 772 1894 sermonis
792 1832 909 1910 latini,
931 1834 1080 1895 nonnihil
1100 1833 1196 1895 etiam
1217 1832 1336 1907 Graeci,
1356 1832 1398 1893 ad
1425 1853 1503 1896 eam
1528 1832 1628 1913 philo

363 1956 395 2009 95
407 1931 552 2009 sophiam
579 1949 675 2010 quam
701 1930 737 1991 in
763 1930 908 1992 ciuitates
934 1932 1107 2009 domosque
1139 1931 1262 1992 inuexit
1296 1931 1449 1993 Socrates
1486 1930 1624 2008 (ethices

406 2028 584 2109 appellant),
614 2048 694 2107 quae
721 2028 803 2090 mihi
829 2030 869 2090 ad
895 2030 1065 2107 gerendam
1088 2028 1313 2108 rempublicam
1342 2029 1454 2090 multo
1483 2050 1623 2093 commo·

408 2127 539 2189 dissime
551 2145 675 2206 semper
688 2126 757 2189 visa
769 2130 826 2189 est

449 2224 544 2287 quat
555 2225 620 2287 iam
633 2224 727 2286 verbs
744 2223 898 2304 quaedem
912 2228 970 2287 tua
982 2244 1158 2287 recensere:
1182 2223 1261 2285 ‘Sed
1280 2243 1344 2302 quo
1362 2224 1481 2302 rapior,
1503 2225 1620 2287 obiitin

407 2323 573 2402 epistolam
585 2323 719 2385 scribere
732 2343 792 2400 me,
802 2326 836 2384 et
849 2322 985 2385 scribere
998 2324 1140 2401 Principi
1153 2325 1220 2384 tem
1232 2321 1427 2384 excellenti?
1438 2326 1447 2351 ’
1491 2322 1619 2385 Oblitus

349 2445 396 2484 roo
406 2426 489 2485 certe
502 2442 544 2497 es,
559 2424 606 2483 mi
619 2421 800 2484 dulcissime
812 2423 950 2498 ffinsme,
965 2422 1143 2483 tescribere
1155 2422 1193 2496 ei,
1209 2421 1258 2481 oui
1271 2419 1301 2481 si
1316 2420 1428 2482 literae
1441 2422 1541 2483 dares
1556 2424 1619 2483 tota

406 2519 507 2581 Iliade
527 2519 690 2598 longiores,
712 2520 856 2581 nondum
874 2520 981 2598 ipsum
1000 2519 1132 2599 legendo
1152 2522 1207 2581 tus
1226 2518 1362 2594 satiares,
1385 2537 1456 2579 non
1475 2520 1617 2581 auferres

408 2617 608 2678 dulcedinem
630 2620 756 2679 tuarum
775 2637 890 2694 rerum,
911 2637 1039 2697 augeres
1058 2618 1164 2696 potius
1184 2635 1315 2694 semper.
1358 2616 1453 2691 Quod
1475 2636 1558 2679 vero
1579 2616 1616 2678 de

406 2714 565 2775 famulitio
587 2713 734 2793 loqueris,
756 2735 821 2777 non
840 2735 919 2793 opus
938 2719 988 2777 est
1009 2715 1163 2778 eiusmodi
1184 2714 1289 2776 verbis
1312 2717 1348 2775 tu
1372 2733 1450 2792 agas
1476 2734 1615 2777 mecum

407 2811 534 2873 Sosium
552 2814 583 2872 te
601 2813 725 2891 appella
742 2833 885 2874 meorum
905 2815 1092 2889 studiorum,
1108 2817 1164 2876 sut
1181 2812 1296 2875 melius
1314 2815 1346 2873 te
1363 2816 1612 2891 praeceptorem,

348 2935 394 2988 105
406 2927 459 2970 me
473 2908 673 2987 discipulum.
713 2911 813 2972 Porro
830 2912 912 2990 qucd
927 2913 965 2973 de
980 2912 1149 2974 Gulielmie
1160 2911 1247 2987 dicis,
1263 2910 1382 2988 gaudeo
1395 2910 1482 2973 milri
1496 2930 1615 2975 nornen

406 3007 467 3069 tibi
480 3008 619 3070 amicum
632 3009 810 3087 contigisse,
827 3028 929 3089 neque
942 3031 1017 3073 vero
1030 3031 1083 3071 me
1094 3010 1226 3090 pudebit
1237 3029 1377 3088 vnquam
1395 3008 1614 3073 clarissimum

407 3108 440 3167 et
472 3106 561 3167 omni
593 3107 752 3169 virtutum
781 3128 914 3170 numero
947 3112 1167 3171 consumatum
1197 3107 1394 3171 Gulielmum
1424 3109 1614 3182 Varamum,

405 3204 673 3285 archiepiscopum
697 3206 963 3284 cantuariensem,
986 3208 1106 3269 socium
1132 3207 1242 3285 queuis
1267 3206 1302 3267 in
1329 3226 1363 3267 re
1390 3205 1521 3284 habere,
1549 3227 1612 3269 non

406 3303 563 3366 illustrem
578 3307 610 3366 et
628 3308 817 3367 strennuum
830 3306 1006 3384 principem
1019 3306 1267 3379 Monteiouium3
1289 3324 1368 3382 quos
1380 3306 1416 3365 tu
1432 3304 1479 3366 ita
1492 3305 1612 3384 panim

348 3427 395 3466 nc
406 3403 615 3480 commendas,
631 3403 670 3465 de
683 3424 817 3483 quorum
830 3405 1004 3467 virtutibus
1017 3424 1074 3483 ego
1087 3408 1153 3465 tam
1172 3403 1274 3465 multa
1286 3424 1306 3464 a
1318 3402 1478 3481 plerisque
1497 3405 1612 3484 accepi

406 3503 442 3561 vt
453 3501 567 3562 adduci
580 3522 645 3563 non
657 3502 777 3579 possim
796 3504 874 3580 quin
893 3503 1072 3564 existimem
1091 3522 1234 3564 summos
1247 3500 1321 3562 illos
1334 3520 1401 3562 esse
1413 3501 1505 3564 viros
1518 3506 1611 3583 etque

406 3598 551 3660 excelsos
594 3599 676 3676 Quid
693 3600 805 3679 loquar
821 3601 859 3661 de
877 3600 1036 3663 Gulielmo
1053 3602 1189 3676 Budaeo,
1204 3599 1363 3662 amoribus
1378 3603 1476 3679 atque
1488 3600 1612 3664 deliciis

406 3696 569 3759 Musarum
595 3701 629 3759 et
655 3699 841 3761 Graecarum
864 3702 898 3759 et
920 3701 1131 3762 Latinarum?
1157 3700 1247 3761 cuius
1269 3698 1419 3760 laudandi
1443 3719 1611 3778 nunquam

404 3795 502 3857 Vinea
515 3816 606 3859 meus
618 3797 716 3858 finem
729 3798 825 3872 facit3
842 3797 931 3860 cuius
947 3798 1069 3859 Budaei
1080 3797 1193 3872 studia,
1205 3800 1419 3871 monumenta
1430 3797 1610 3876 ingenium,

347 3918 392 3969 115
405 3894 619 3969 eruditionem,
637 3896 788 3974 lingum,
807 3917 911 3958 mores
930 3898 1007 3974 colo,
1026 3897 1168 3976 suspicio,
1183 3916 1324 3971 veneror,
1340 3895 1488 3971 admiror,
1503 3898 1608 3960 adoro.

405 3989 494 4052 Inter
520 3992 578 4053 hos
600 3993 712 4054 malim
737 3994 838 4056 multo
862 4015 914 4055 me
935 4014 1124 4057 annumeres
1147 4014 1242 4074 quam
1265 3993 1348 4055 inter
1372 3994 1505 4072 quosuis
1530 3996 1611 4060 alios

403 4089 659 4169 opulentissimos
673 4092 828 4172 principes
839 4094 954 4154 horum
968 4094 1147 4156 dissimiles.

444 4187 532 4266 Vale,
542 4190 589 4250 mi
601 4190 740 4267 Erasme,
750 4193 783 4251 et
796 4192 978 4271 loquacitati
988 4196 1113 4254 nostrae
1125 4193 1268 4270 ignosce;
1288 4189 1384 4251 simul
1397 4211 1500 4269 quum
1513 4193 1611 4257 fuerit

405 4286 517 4363 ocium,
534 4288 675 4349 rescribe
719 4289 875 4367 Quoniam
895 4291 1075 4353 existimaui
1095 4294 1127 4351 te
1151 4290 1235 4351 haud
1256 4288 1347 4349 facile
1370 4309 1479 4351 meum
1503 4291 1611 4355 chara·

345 4406 392 4446 rac
405 4389 522 4446 ctorem
535 4384 699 4464 lecturum,
715 4387 830 4450 idcirco
842 4408 919 4451 vsus
931 4409 1004 4450 eum
1017 4388 1209 4450 amanuensi

443 4483 586 4560 Louanii,
603 4480 716 4567 [Anno
732 4482 913 4570 rr.n.xvm].

436 4653 478 4703 91.
495 4643 519 4688 F
529 4642 615 4699 corvin
626 4656 633 4689 ε
650 4638 869 4703 ἑγινκλυηιδιίυ
880 4645 911 4693 Ε.
979 4641 1145 4691 absoluerim
1156 4644 1185 4691 Γ.
1271 4654 1324 4700 ¹07·
1342 4643 1566 4693 consummatum
1577 4646 1608 4691 Η.

404 4707 532 4821 {ratim
541 4704 698 4822 fflissm
714 4721 879 4757 annumeres
895 4720 979 4771 qnam
996 4707 1085 4757 multo
1098 4711 1128 4757 Ε.
1313 4720 1368 4755 121.
1386 4704 1514 4771 Louanii,
1527 4709 1610 4759 Anno

676 4916 718 4964 91.
736 4899 966 4966 lywssoscsdclas]
984 4901 1025 4952 (ll.
1038 4900 1130 4964 Quint.
1142 4903 1204 4949 last.
1219 4914 1240 4947 1.
1255 4912 1293 4949 10.
1310 4913 1331 4947 1.
