3867 6034
354 724 430 810 ⁶4⁷]
680 728 794 791 raon
821 729 994 791 anama
1021 729 1230 791 naaman
1510 731 1551 791 eo

352 884 480 946 disserit
496 886 574 947 Cato
591 884 631 945 de
649 886 771 948 animae
789 885 1037 948 immortalitate.
1080 887 1210 949 quabis
1230 887 1282 949 hic
1302 887 1406 949 studia
1426 888 1553 950 nobilis·
1652 921 1656 929 ·

350 982 427 1043 simi
439 986 472 1043 et
485 983 698 1061 amplissimae
708 983 774 1061 spei
788 983 921 1057 iuuenis,
931 1005 984 1046 me
998 1003 1120 1062 quoque
1131 986 1189 1046 tibi
1201 986 1378 1065 plurimum
1388 984 1550 1064 obligabis,

351 1081 381 1140 si
400 1084 438 1141 tu
457 1081 518 1142 hoc
536 1081 653 1158 libello,
670 1102 764 1160 quem
780 1081 840 1142 tibi
859 1101 879 1143 a
899 1083 992 1143 nobis
1011 1085 1156 1161 adportat
1176 1085 1228 1145 hic
1249 1083 1419 1161 discipulus
1434 1086 1550 1160 noster,
1566 1104 1597 1141 ro

350 1179 487 1255 paucula
506 1178 706 1241 adnotaueris
723 1179 913 1258 pertinentia
927 1180 966 1241 ad
986 1182 1196 1243 enarrandum
1216 1200 1289 1242 eum
1310 1181 1416 1242 locum
1433 1182 1488 1259 qui
1505 1184 1553 1243 est

353 1277 438 1354 apud
461 1277 643 1339 Ciceronem
666 1278 705 1339 de
725 1279 848 1339 animae
868 1278 1112 1340 immortalitate.
1155 1279 1236 1340 Nam
1257 1299 1335 1357 quae
1356 1279 1551 1341 ciceroniani

351 1375 541 1454 interpretes
566 1376 721 1453 adferunt,
745 1396 833 1437 mera
856 1376 937 1437 mihi
960 1381 1151 1455 nugamenta
1177 1378 1333 1438 videntur.
1376 1378 1447 1439 Scio
1473 1377 1551 1437 item

352 1472 556 1534 lactantium
583 1476 618 1535 in
642 1473 904 1536 Institutiomhus
929 1475 1033 1537 multa
1060 1475 1264 1536 disertissime
1291 1475 1461 1553 scripsisse,
1491 1495 1551 1552 que

350 1570 432 1631 mihi
447 1574 583 1649 possunt
597 1572 636 1633 ad
653 1572 736 1634 hauc
754 1590 823 1633 rem
840 1591 907 1634 esse
927 1572 1009 1633 vsu‘a
1051 1573 1133 1634 Malo
1153 1574 1317 1634 tamenab
1336 1572 1595 1648 numanae

347 1670 603 1747 estsloquentiae
610 1672 775 1748 omnisque
784 1671 954 1748 sapientiae
962 1670 1175 1749 exquisitioris
1182 1671 1404 1750 promptuario,
1414 1672 1551 1749 accipere

349 1766 467 1844 quibus
479 1767 599 1845 prosim
613 1768 903 1842 Reuerendissimo:
925 1769 980 1846 qui
993 1789 1045 1829 me
1058 1788 1123 1830 non
1136 1768 1211 1842 odit,
1225 1770 1392 1830 Erasmum
1405 1789 1481 1829 vero
1494 1789 1551 1847 pro

348 1884 406 1925 suo
425 1866 461 1925 in
479 1864 581 1927 bonas
606 1870 688 1927 artes
708 1886 837 1944 syncero
858 1885 964 1927 amore
984 1886 1021 1927 ea
1040 1866 1258 1943 complectitur
1278 1866 1496 1927 beneuolentia
1515 1870 1551 1927 vt

347 1963 466 2023 maiore
480 1982 545 2024 non
563 1964 671 2041 possit.

387 2060 478 2135 Vale,
508 2061 685 2123 doctissime
711 2061 850 2138 Erasme,
880 2064 1008 2125 unicum
1035 2063 1133 2124 seculi
1160 2064 1260 2124 nostri
1287 2063 1387 2136 decus,
1418 2064 1450 2122 et
1476 2082 1549 2122 cum
1564 2082 1595 2118 ao

351 2158 494 2236 primum
518 2160 581 2221 eris
603 2160 697 2222 hodie
721 2163 775 2221 aut
797 2180 865 2221 cras
886 2160 1005 2239 aliquid
1031 2164 1140 2222 nactus
1162 2161 1229 2237 ocii,
1254 2179 1328 2239 rogo
1349 2160 1445 2221 facias
1466 2160 1549 2237 quod

349 2259 443 2332 peto;
464 2256 525 2317 erit
545 2257 577 2318 id
598 2257 678 2318 mihi
697 2257 921 2335 gratissimum,
940 2262 981 2334 et,
1003 2259 1086 2336 quod
1107 2258 1252 2337 amplius,
1268 2257 1400 2327 iuuabia,
1416 2260 1454 2319 vt
1472 2257 1546 2331 dixi,

350 2354 409 2414 hoc
432 2358 525 2431 pacto
548 2356 652 2417 studia
672 2357 721 2416 tui
739 2376 862 2434 quoque
882 2356 1091 2417 amantissimi
1113 2355 1295 2418 cardinalia
1340 2356 1429 2431 Quod
1448 2355 1550 2416 rarius

351 2454 382 2509 te
401 2451 522 2527 inuiso,
534 2452 570 2513 in
591 2473 682 2515 causa
703 2457 779 2515 sunt
798 2454 899 2515 variae
919 2453 1089 2514 lectionum
1110 2473 1201 2514 curae
1219 2452 1332 2530 quibus
1345 2454 1548 2531 distorqueor.

353 2549 529 2628 Siquando
545 2551 652 2612 licebit
667 2572 719 2613 me
736 2551 799 2612 hiis
818 2552 914 2629 nugis
928 2551 1061 2625 emoliri,
1076 2570 1187 2611 eorum
1204 2551 1259 2628 qui
1272 2550 1332 2611 tibi
1348 2554 1424 2612 sunt
1438 2549 1550 2612 charis
1563 2573 1594 2625 ag

351 2646 432 2720 simi,
448 2648 570 2708 nemini
584 2649 683 2709 officio
697 2648 814 2709 cedam.
859 2648 981 2710 Iterum
996 2649 1073 2723 vale,
1088 2650 1269 2726 praeceptor
1282 2648 1503 2710 eruditissime.

391 2745 487 2807 Domi
501 2750 633 2808 nostrae

688 2845 872 2919 Barlandus,
887 2848 960 2905 tuae
975 2841 1179 2923 celsitudi<ni)
1192 2842 1427 2905 addictissimus
1440 2843 1546 2904 cliens.

732 3024 806 3090 648.
850 3022 900 3087 To
921 3039 992 3087 rus
1014 3021 1170 3087 Resona.

384 3158 538 3217 Suetonius
548 3160 574 3229 (ι
581 3160 645 3230 518)
658 3157 695 3212 1⁴⁰.
707 3159 733 3212 α*
746 3163 777 3211 v⁰
787 3158 847 3228 (βῑ).
1340 3154 1511 3227 <Louvain.)

1390 3256 1465 3313 1517.

379 3353 446 3417 [Fer
454 3354 635 3401 convenience
647 3353 662 3402 I
673 3352 742 3400 have
754 3350 877 3399 retained
889 3351 936 3399 the
947 3350 1015 3413 sigla
1026 3350 1091 3399 used
1108 3350 1139 3398 in
1155 3350 1203 3411 Ep.
1219 3349 1277 3409 586,
1294 3346 1424 3408 although
1436 3346 1512 3394 there
1524 3348 1548 3393 is

348 3433 383 3467 no
395 3417 477 3467 Basls
487 3419 664 3479 manuscript.
698 3417 799 3479 Except
809 3415 850 3463 tor
866 3415 915 3464 the
932 3415 995 3465 date
1011 3416 1060 3465 the
1077 3414 1171 3464 Gouda
1188 3414 1357 3474 manuscript
1370 3426 1433 3473 13²4
1445 3412 1464 3460 f.
1476 3414 1548 3472 36v⁰

346 3483 407 3548 (θ’),
420 3497 535 3547 appears
544 3487 572 3532 to
583 3484 615 3531 be
626 3483 720 3545 copied
730 3482 800 3531 from
811 3481 849 3535 8¹.

380 3551 422 3599 lio
439 3552 541 3611 preciso
558 3549 621 3597 date
639 3549 662 3596 ia
678 3549 805 3611 possible.
840 3547 980 3608 Egnatius’
995 3546 1142 3595 Suetonius
1158 3560 1214 3594 was
1231 3543 1360 3606 probably
1379 3542 1496 3605 brought
1512 3542 1547 3605 by

348 3616 456 3664 Hutten
473 3614 545 3663 with
561 3614 609 3662 the
626 3617 734 3662 comm
751 3612 811 3675 rEp.
829 3614 886 3672 588.
904 3615 997 3674 55-7);
1014 3612 1070 3661 and
1081 3611 1226 3659 Asulanus’
1240 3609 1451 3671 accompanying
1466 3608 1548 3656 letter

350 3682 409 3744 (Bp.
420 3679 483 3743 589)
497 3678 551 3728 had
569 3680 683 3729 reached
701 3679 829 3727 Erasmus
846 3679 882 3739 by
898 3693 931 3739 23
946 3679 1014 3739 Aug.
1034 3678 1094 3740 (Ep.
1105 3678 1162 3725 628.
1176 3678 1215 3736 6.)
1250 3676 1284 3723 So
1295 3674 1357 3723 that
1371 3673 1427 3721 this
1444 3674 1547 3735 prefaco

348 3761 410 3808 may
421 3747 455 3794 be
466 3745 561 3808 placed
571 3747 601 3793 in
612 3745 660 3793 the
671 3748 786 3793 autumn
797 3745 826 3791 oi
838 3743 923 3805 1517.]

511 3843 668 3890 ERASMVS
690 3842 940 3890 ROTERODAMVS
962 3841 1117 3890 CANDIDO
1140 3838 1283 3887 LECTORI
1308 3839 1334 3886 S.
1353 3838 1384 3885 D.

386 3967 459 4028 (iva
483 3964 565 4025 hanc
589 3965 777 4026 seditionem
805 3966 868 4025 iam
896 3964 1105 4036 odornensem,
1131 3960 1330 4021 commodum
1358 3958 1473 4020 allatus
1499 3961 1548 4019 est

349 4063 530 4137 Suetonius,
557 4062 686 4123 Aldinia
709 4064 793 4141 typis
818 4041 956 4136 eirenem,
984 4062 1038 4121 sed
1063 4060 1246 4121 emendatus
1269 4077 1361 4135 opera
1388 4058 1547 4135 Baptistae

346 4160 486 4241 Egnatii,
507 4160 567 4219 vin·
589 4179 662 4220 cum
681 4160 795 4239 primis
814 4164 882 4220 tum
904 4160 1017 4238 integri
1038 4163 1107 4219 tum
1128 4158 1262 4231 eruditi3
1292 4176 1366 4216 nam
1387 4158 1546 4232 utrunque

345 4262 432 4320 iuxta
450 4257 672 4336 requirendum
690 4257 826 4318 arbitror
845 4259 879 4317 in
900 4278 935 4319 eo
957 4259 1012 4336 qui
1032 4262 1175 4318 veterum
1196 4255 1425 4316 lucubrationes
1443 4272 1545 4313 emen·

347 4359 466 4417 <laudm
486 4358 542 4416 aut
563 4354 760 4433 explicandas
781 4355 919 4434 suscipit
964 4355 1120 4433 Equidem
1143 4353 1219 4415 Aldi
1240 4354 1304 4413 mei
1328 4354 1461 4412 mortem
1487 4350 1573 4411 hocs

347 4458 409 4516 iero
424 4453 627 4527 moderatius,
644 4455 726 4530 quod
746 4454 781 4513 in
801 4455 881 4514 hanc
900 4453 1085 4515 restituendi
1099 4453 1198 4513 bonos
1214 4455 1338 4511 autores
1349 4447 1545 4526 prouinciam

348 4554 373 4612 is
391 4552 577 4613 successerit
598 4551 651 4628 qui
668 4551 821 4613 demortui
840 4572 895 4630 per
913 4572 946 4611 se
967 4552 1044 4611 clari
1065 4550 1197 4627 gloriam
1219 4547 1370 4621 obscuret,
1392 4545 1545 4606 sitamen

376 4701 431 4749 ⁶47.
450 4701 474 4748 8.
501 4698 708 4765 immortalitatp
724 4716 749 4747 c.
832 4715 856 4760 9.
881 4697 924 4746 aa,
946 4697 1114 4760 amplissime
1130 4694 1165 4745 o¹.
1248 4708 1286 4742 rr.
1305 4691 1545 4741 enarrandumu²t

346 4767 475 4813 erardum
488 4763 523 4812 αὶ.
579 4778 615 4811 12.
636 4762 680 4811 οὐκ
702 4766 793 4812 anime
810 4763 843 4814 ot
938 4768 974 4813 16.
993 4762 1034 4812 a¹:
1053 4758 1251 4822 eloquentieo¹.
1303 4757 1346 4807 ol:
1364 4758 1497 4820 sapientie
1509 4756 1544 4808 o¹.

348 4844 383 4889 ag
402 4830 443 4879 c':
463 4827 622 4877 emuliric¹.
694 4844 734 4890 27.
751 4828 795 4877 c¹:
812 4828 946 4879 uostroc¹.
1016 4830 1055 4877 28.
1075 4826 1115 4876 o':
1134 4824 1225 4875 tuoo¹.
1293 4824 1349 4872 648.
1367 4838 1390 4885 5.
1410 4824 1544 4886 Equidem

348 4898 427 4943 ...8.
447 4896 559 4943 vincere
570 4909 614 4943 om.
626 4911 650 4955 γ.

554 4998 604 5005 .—

698 5012 755 5060 047.
775 5026 812 5069 1⁴·
831 5010 1014 5073 lactantium]
1025 5015 1086 5059 rasa
1098 5024 1122 5070 q.
1134 5010 1186 5072 8,9.
