3867 6034
287 687 360 772 ⁷41]
674 686 730 747 ro
757 685 956 747 aromo
983 683 1095 747 snos
1424 683 1481 742 171

284 845 433 909 credibile
456 846 514 917 est,
538 846 603 903 ἄνευ
626 844 750 920 Θησέος,
774 860 869 919 quem
891 844 924 901 et
947 839 1041 900 audio
1062 840 1120 900 tibi
1142 859 1364 917 congerronem
1386 844 1427 913 et,
1448 842 1484 899 vt

285 948 421 1025 ingenue
441 942 553 1017 dioam,
577 940 721 1002 inuideo:
745 940 807 1000 nisi
832 938 936 1000 mauis
957 938 1051 999 illum
1072 938 1249 1010 Herculem,
1272 942 1305 999 te
1324 938 1483 1000 Theseum

284 1046 392 1107 faeere.
449 1038 682 1117 Paraphrasim‚
714 1037 782 1098 siue
816 1037 918 1098 mauis
951 1036 1212 1114 Paraphronesin,
1248 1035 1370 1098 videbis
1402 1036 1497 1114 apud.

285 1144 427 1206 ltu-oum
442 1140 493 1199 τὸν
511 1138 647 1215 ὶσόμινον
661 1135 822 1197 Dooanum
836 1135 945 1196 Sanoti
964 1134 1155 1210 Donatiani;
1177 1154 1355 1214 quanquam
1375 1136 1485 1213 opinor

286 1238 470 1303 iamdudum
483 1235 676 1313 euulgatum.
709 1234 796 1296 Bene
808 1235 887 1309 vale,
899 1233 1100 1294 ornatissime
1113 1234 1237 1310 Paoaee,
1250 1235 1296 1294 καὶ
1307 1236 1358 1294 τὸν
1370 1238 1483 1311 Μῶμον,
1500 1257 1530 1293 1ο

286 1340 315 1400 si
328 1337 423 1411 adest,
439 1333 519 1394 meis
532 1333 636 1394 verbis
648 1333 749 1394 saluta
762 1337 829 1394 tam
843 1330 1012 1409 diligenter
1025 1351 1120 1409 quam
1135 1351 1193 1410 ego
1206 1352 1245 1393 ex
1258 1333 1364 1392 animo
1378 1331 1485 1409 diligo.

327 1432 470 1496 Louanii.
494 1449 538 1507 17.
556 1432 621 1491 Gal.
637 1431 802 1494 tDeoemb.

649 1630 722 1692 742.
766 1626 817 1691 To
839 1626 1003 1693 mosano
1024 1627 1124 1691 Pron

322 1764 466 1820 Deventer
477 1762 537 1818 MS.
548 1778 593 1832 91,
607 1762 626 1817 f.
639 1776 682 1830 77.
1216 1760 1352 1818 Louvain.

323 1849 538 1921 Luappm.
1116 1863 1148 1903 21
1164 1849 1321 1906 December
1334 1846 1451 1921 (1517).

515 1970 640 2037 [Shortly
648 1968 719 2021 after
729 1971 777 2033 Ep.
791 1986 837 2033 741
848 1988 855 2030 ;
872 1972 941 2022 Paos
952 1971 1034 2034 being
1044 1971 1103 2020 atill
1113 1974 1142 2021 at
1153 1970 1274 2034 Bruges]

657 2117 811 2165 masuvs
831 2119 941 2168 Prono
961 2120 1025 2168 SVO
1046 2121 1072 2167 S.
1091 2121 1123 2167 1).

329 2239 441 2301 Honrr
466 2241 563 2300 natali
587 2242 638 2301 die
660 2240 800 2302 Thomas
825 2242 969 2319 Apostoli
993 2242 1085 2303 binas
1108 2244 1165 2303 abs
1188 2246 1220 2302 ts
1244 2243 1352 2319 rsospi,
1376 2242 1488 2302 ceteris

288 2333 388 2395 ternis
411 2334 641 2411 responderam.
685 2335 804 2396 Omnes
826 2336 907 2396 mihi
933 2339 1009 2396 sunt
1033 2337 1127 2415 longo
1151 2336 1347 2414 gratissimae
1370 2334 1487 2413 duplioi

288 2432 425 2509 nomine,
441 2434 494 2494 vel
510 2433 592 2509 quod
611 2434 712 2493 animi
724 2434 773 2493 tui
789 2437 947 2494 testantur
964 2434 1164 2510 alacritatem,
1179 2435 1230 2494 vel
1248 2433 1332 2511 quod
1345 2433 1488 2494 studium

288 2549 361 2608 ergo
380 2533 543 2591 motuum
563 2550 637 2609 prae
654 2552 688 2592 ae
705 2531 815 2607 forant,
832 2532 930 2592 etiam
949 2532 978 2592 si
998 2532 1079 2593 mihi
1097 2532 1161 2593 iam
1179 2532 1257 2593 olim
1276 2538 1484 2611 perspeotum.

289 2629 350 2691 sod
363 2632 400 2690 vt
418 2628 458 2690 ad
476 2629 577 2691 multa
596 2630 703 2708 pauois
722 2631 935 2708 respondeam,
952 2631 1139 2692 miraculum
1152 2632 1335 2707 admnatus,
1351 2631 1379 2694 si
1393 2631 1516 2699 modos

287 2726 498 2802 assidit-aio
510 2729 597 2789 enim
611 2729 707 2789 soluit
720 2729 909 2790 Aristoteles
925 2730 1080 2791 nonnulla
1093 2729 1305 2808 problemata:
1327 2731 1374 2792 De
1387 2729 1487 2792 Fabro

288 2826 389 2902 doleo,
412 2845 468 2887 neo
488 2828 590 2888 adhuo
609 2827 687 2888 satis
707 2847 787 2907 queo
807 2827 949 2890 diuinare
970 2829 1046 2906 quid
1067 2829 1116 2889 illi
1139 2829 1173 2890 in
1195 2833 1334 2891 mentem
1354 2831 1485 2891 venerit.

289 2923 362 2984 Non
381 2944 507 2986 vocares
526 2944 631 2985 meam
652 2926 839 2986 modestiam
862 2926 1141 3003 mordacissimam,
1163 2927 1191 2988 si
1213 2948 1321 2989 nosses
1341 2928 1416 3007 quid
1438 2927 1487 2989 illi

288 3022 459 3101 potuissem
479 3032 512 3085 et
531 3023 777 3101 approbantibus
796 3023 952 3101 theologis
969 3024 1164 3103 impingere:
1189 3028 1220 3086 et
1239 3026 1315 3103 quid
1335 3025 1390 3086 ille
1407 3025 1488 3086 mihi

288 3122 454 3200 impegerit
467 3122 564 3183 vides
608 3122 699 3199 Quod
717 3122 801 3183 nihil
818 3122 963 3200 praeterii
983 3143 1048 3184 non
1062 3144 1235 3199 excussum,
1251 3124 1415 3203 vigilantia
1427 3128 1483 3199 est,
1505 3144 1534 3178 10

287 3217 380 3299 (non)
392 3220 598 3295 mordacitas3
619 3225 651 3282 et
665 3225 771 3281 tamen
785 3220 888 3281 multa
900 3222 1046 3298 praeterii
1061 3222 1170 3283 sciens
1215 3222 1306 3282 Nihil
1320 3224 1369 3283 est
1381 3225 1487 3282 autem

289 3319 373 3395 quod
388 3318 496 3378 iubeas
509 3337 560 3379 me
574 3321 662 3379 tuam
676 3317 873 3378 dissimulare
887 3319 1098 3379 sententiam:
1118 3320 1242 3380 vtinam
1256 3323 1321 3379 tam
1337 3320 1489 3379 intervos

289 3418 472 3478 conueniret
499 3437 595 3494 quam
623 3419 705 3478 inter
732 3418 870 3478 Fabrum
897 3422 929 3478 et
952 3420 1022 3478 me!
1075 3420 1147 3495 Περὶ
1174 3422 1228 3479 τῶν
1255 3417 1395 3493 ἀδελφῶν,
1424 3417 1489 3478 iam

290 3517 413 3593 pridem
437 3516 646 3577 subodoratus
668 3536 740 3577 sum
765 3536 819 3577 eos
842 3517 962 3594 aliquid
985 3515 1101 3576 moliri.
1141 3516 1202 3576 Sed
1225 3519 1274 3576 est
1295 3515 1490 3593 quarundam

290 3634 397 3674 rerum
417 3634 454 3673 ea
472 3613 541 3674 lues
560 3617 596 3675 vt
615 3634 680 3675 non
697 3615 760 3675 alia
779 3634 813 3674 ro
830 3616 931 3692 magia
948 3615 1061 3675 vioeris
1078 3634 1174 3692 quam
1193 3616 1281 3692 fuga:
1303 3616 1339 3674 vt
1352 3613 1489 3673 maxime
1508 3634 1537 3685 15

291 3712 406 3786 vineas,
421 3732 441 3773 a
457 3713 514 3773 tali
534 3714 636 3773 scabie
657 3733 723 3774 non
742 3714 861 3790 poteris
881 3734 946 3774 non
967 3713 1198 3774 contaminatus
1215 3712 1378 3773 discedere.
1419 3710 1490 3771 Hos

291 3811 389 3889 igitur
406 3811 445 3870 ad
464 3810 607 3888 publicas
621 3811 851 3888 disputationes
868 3830 1036 3889 prouocare
1056 3811 1138 3871 nihil
1156 3811 1242 3871 aliud
1262 3813 1309 3871 est
1327 3829 1423 3889 quam
1440 3810 1490 3871 τὸν

291 3910 378 3969 im‘o
402 3913 441 3972 εἶς
464 3909 560 3969 πεδίον
583 3910 797 3987 προκαλεῖσθαι.
848 3910 945 3988 Spero
969 3909 1058 3969 breui
1081 3910 1148 3971 fore
1171 3912 1207 3971 vl
1231 3909 1307 3969 haec
1335 3906 1491 3985 theologia

292 4007 485 4083 ἂδιλφικώδης
512 4011 543 4067 et
571 4011 674 4069 totum
706 4008 766 4069 hoo
792 4008 960 4068 hominum
988 4027 1088 4085 genus
1114 4008 1363 4087 ψωδοχριστιανὸν
1389 4007 1490 4067 multo

292 4106 482 4168 moderatius
502 4110 611 4183 regnet
631 4127 725 4185 quam
748 4128 833 4168 nuno
854 4108 974 4185 regnat.
1509 4121 1540 4157 ²0

334 4205 403 4282 Ego
425 4205 488 4265 iam
509 4205 544 4264 in
564 4210 705 4267 extremo
725 4205 831 4267 fabule
852 4224 940 4265 meae
960 4225 1068 4266 versor
1087 4207 1177 4267 aotu:
1208 4204 1244 4263 in
1265 4203 1376 4263 esteris
1399 4219 1493 4279 quam

292 4303 408 4363 fuerim
422 4302 499 4363 felix
517 4303 571 4364 alii
584 4304 730 4364 viderint.
774 4303 847 4363 Non
864 4303 1006 4364 deseram
1019 4307 1127 4364 tamen
1143 4304 1176 4363 τὸ
1193 4302 1292 4378 δρᾶμα.
1336 4300 1370 4359 Si
1385 4298 1492 4358 Morus

327 4452 383 4501 741.
397 4455 421 4501 (a
441 4452 575 4501 oredibele
587 4457 638 4501 MS.
706 4451 795 4500 tortor
806 4456 858 4500 tls.
948 4464 986 4499 1ο.
1005 4450 1086 4512 Paoeg
1097 4453 1149 4499 HS.
1240 4448 1296 4495 ua.
1310 4462 1330 4495 1.
1348 4446 1430 4496 natili
1440 4449 1495 4496 ΠΒ.

294 4534 317 4567 a.
336 4520 423 4566 ternis
432 4522 492 4567 LB:
508 4522 602 4567 ternos
613 4523 665 4567 MS.
785 4534 810 4578 ⁴·
827 4520 882 4567 LB:
898 4518 1066 4578 parspeotam
1078 4518 1130 4563 118.
1249 4514 1274 4562 8.
1292 4527 1383 4562 nosses
1394 4515 1494 4571 eaput:

294 4598 387 4633 noaoea
398 4587 449 4632 tls.
521 4598 558 4632 rr.
578 4599 634 4633 non
644 4588 701 4632 odd.
712 4587 761 4633 LB.
830 4597 868 4643 13.
885 4596 929 4630 me
939 4580 992 4643 περὶ
1002 4575 1241 4644 rbrdtsaooirllam
1253 4582 1305 4627 118.
1374 4592 1412 4638 14.
1431 4591 1497 4640 quo·

296 4649 411 4698 modam
423 4653 476 4698 H&
488 4668 495 4700 ε
512 4655 608 4700 eom.
700 4650 739 4697 18.
756 4652 814 4698 LB:
831 4646 904 4696 inlu
914 4650 968 4697 18.
1035 4645 1102 4694 haee
1113 4648 1172 4693 LB:
1189 4644 1241 4693 hoo
1252 4648 1304 4696 Hs.
1388 4658 1426 4706 19
1443 4643 1497 4694 boo

296 4718 353 4763 ωε
369 4714 406 4764 bo
416 4719 469 4765 18.
568 4731 609 4765 ao.
626 4718 720 4779 regnat
731 4718 789 4763 LB:
806 4717 900 4777 regnet
911 4717 965 4761 MS.
1063 4726 1102 4761 aa
1119 4710 1243 4760 doraum
1253 4714 1307 4760 HS.

327 4848 383 4899 741.
401 4850 425 4896 ⁶.
437 4848 548 4913 epotos]
561 4848 694 4909 Probably
703 4846 777 4896 liora
787 4863 794 4908 5
806 4846 869 4894 who
951 4858 977 4904 9.
995 4843 1129 4905 blarauml
1140 4858 1172 4893 ao.
1184 4843 1344 4893 laurinum.

295 4928 360 4963 onos
388 4915 480 4964 before
508 4915 562 4964 had
589 4911 713 4963 auaoked
742 4910 816 4974 Dorp
839 4912 869 4960 in
952 4910 1010 4958 742.
1026 4923 1063 4957 ra.
1081 4924 1129 4958 vos
1151 4909 1219 4958 Paoe
1230 4907 1284 4959 and
1296 4907 1380 4972 Dorp.

297 4979 561 5032 lirumua'delenoa.
591 4979 771 5042 SssEpassd
786 4992 870 5040 rspn.
955 4990 993 5036 ¹3·
1012 4975 1125 5037 ἀδελφῶν
1151 4974 1252 5038 osup
1263 4975 1320 5036 ⁶22.
1336 4988 1373 5022 ro.
