3867 6034
464 698 524 759 1ae
568 654 571 662 ’
811 699 1000 762 nnmsss
1028 701 1082 762 or
1109 700 1308 763 ansanus
1562 697 1661 784 [1518

462 856 498 905 In
513 855 570 905 Oot.
588 868 650 915 ¹543
664 854 699 903 he
713 854 807 904 writes
817 855 888 904 lrom
904 854 1026 905 louvain
1039 856 1072 920 (1.
1083 860 1152 914 bibat
1161 861 1238 916 Epist.
1250 873 1275 921 p.
1292 858 1360 920 roo).
1395 859 1430 907 Iu
1442 856 1537 907 llarch
1550 861 1615 920 ¹54⁶
1625 859 1661 928 he

462 921 540 970 dates
561 920 609 969 the
631 920 736 981 prefaoe
758 922 787 969 to
808 920 981 970 Chromatius
998 921 1069 971 from
1087 922 1165 972 lens.
1199 923 1235 973 In
1252 924 1325 985 Sept.
1346 937 1408 985 1547
1424 924 1460 973 ho
1479 923 1574 973 writes
1590 925 1662 974 from

462 986 604 1048 Antwerp,
622 986 672 1034 but
689 986 720 1033 iu
735 986 804 1048 Aug.
825 1000 886 1049 1551
906 986 941 1035 he
956 1002 1013 1036 was
1029 990 1058 1035 at
1075 988 1196 1037 Louvsin
1214 990 1249 1046 (I.
1267 993 1336 1047 Lipsi
1351 992 1427 1047 Epist.
1447 1004 1491 1051 pp.
1514 1003 1570 1051 ποι,
1592 992 1662 1052 107).

463 1052 507 1101 He
518 1050 582 1099 died
592 1052 620 1099 at
632 1050 711 1100 Lens.
742 1051 799 1101 'I'he
811 1051 917 1100 famous
927 1053 1024 1101 Justus
1035 1052 1144 1115 Lipsius
1155 1068 1211 1103 was
1220 1054 1265 1103 his
1277 1056 1491 1117 great-nephew.

494 1117 544 1166 See
557 1116 695 1165 Horaeritz
706 1132 731 1165 v.
743 1118 799 1166 and
810 1117 907 1166 ΑΒΜ
918 1118 999 1180 Neve,
1010 1122 1167 1168 missenus
1177 1136 1206 1168 en
1218 1124 1334 1183 mique,
1344 1135 1386 1183 pp
1400 1119 1577 1181 sos—arasnd
1589 1119 1663 1184 Bu]

802 1262 957 1311 EBASHVS
979 1262 1134 1312 MARTINO
1159 1265 1221 1312 SVO
1243 1266 1269 1311 S.
1289 1266 1321 1312 D.

502 1386 644 1446 Dmscru
657 1386 760 1459 frater,
778 1385 891 1444 utiam
906 1404 991 1446 nuno
1005 1405 1063 1462 pro
1076 1388 1131 1445 tuo
1144 1386 1179 1445 in
1193 1406 1245 1446 me
1259 1386 1363 1446 studio
1378 1386 1509 1464 gratiam
1523 1386 1664 1464 aliquam

461 1481 600 1557 referam,
617 1483 770 1544 admoneo
790 1504 830 1543 ne
851 1482 1031 1544 istiusmodi
1051 1483 1181 1559 ineptiis
1194 1483 1294 1544 bonas
1307 1484 1400 1544 horas
1412 1484 1494 1545 male
1508 1488 1661 1545 conteras.

461 1581 545 1656 Quin
577 1582 682 1659 potius
712 1582 771 1641 hoc
801 1601 911 1659 operae
939 1581 1023 1658 quod
1054 1581 1235 1642 istiusmodi
1258 1583 1361 1642 neniis
1391 1581 1605 1643 describendis
1628 1602 1664 1642 ac

460 1679 634 1757 relegendis
646 1679 813 1757 impendis,
828 1675 1013 1739 euoluendis
1027 1678 1215 1757 Hieronymi
1228 1679 1318 1740 libris
1331 1680 1467 1757 imperti.
1509 1680 1591 1740 Mihi
1606 1700 1664 1740 nec

433 1776 588 1853 5animus
608 1780 657 1837 est
677 1797 735 1838 nec
756 1778 859 1838 ocium
880 1778 1028 1838 omnibus
1045 1778 1188 1838 omnium
1202 1779 1453 1839 cauillationibus
1467 1779 1663 1855 respondere.

461 1874 544 1936 Satis
557 1878 605 1935 eet
618 1876 647 1935 si
660 1876 776 1952 probor
789 1895 808 1935 a
821 1876 1031 1936 summatibus
1043 1879 1137 1954 atque
1147 1877 1264 1954 abipso
1274 1877 1350 1937 adeo
1360 1876 1515 1938 Pontifice
1526 1896 1661 1950 summo,

461 1973 516 2052 qui
530 1974 613 2033 mihi
625 1993 682 2051 pro
696 1973 854 2034 laboribus
868 1973 948 2033 meis
961 1993 1017 2050 per
1030 1975 1150 2035 litteras
1163 1975 1280 2052 gratias
1294 1976 1368 2053 egit.
1410 1975 1483 2035 Non
1496 1974 1561 2053 legi
1574 1974 1664 2035 libel·

461 2072 530 2133 lum
549 2071 809 2150 sycophanticum
830 2092 925 2149 quem
945 2073 985 2133 ad
1005 2092 1058 2133 me
1079 2073 1203 2148 misisti,
1219 2076 1273 2136 sed
1295 2075 1374 2135 alios
1395 2075 1535 2136 eruditos
1555 2074 1664 2134 audiui

461 2170 608 2248 legentes
651 2169 807 2232 Omnibus
820 2170 899 2230 risui
912 2170 983 2245 fait,
1000 2173 1032 2230 et
1053 2171 1134 2230 mihi
1148 2192 1270 2249 quoque
1292 2171 1325 2231 in
1348 2164 1442 2250 quem
1455 2172 1591 2249 scriptus
1605 2174 1663 2232 est.

419 2283 449 2321 10
460 2268 496 2328 Si
508 2269 597 2329 faues
609 2268 712 2329 autori
725 2268 776 2328 vel
789 2268 896 2346 potius
908 2268 1128 2345 sycophantae,
1144 2289 1255 2347 sparge
1268 2290 1368 2347 nugas
1382 2270 1469 2331 illiue
1483 2270 1517 2329 in
1526 2270 1662 2347 vulgus:

462 2386 536 2427 nam
550 2367 610 2427 hoc
623 2368 733 2443 ambit,
749 2371 784 2428 vt
805 2351 928 2428 meeum
949 2386 1132 2445 congressus
1151 2368 1344 2428 nobilitetur.
1387 2369 1443 2429 Sin
1464 2368 1545 2428 mihi
1564 2368 1661 2441 faues,

461 2484 567 2541 preme
581 2466 805 2544 nugacissimas
819 2467 947 2526 nenias:
969 2467 1033 2526 imo
1046 2465 1074 2526 si
1088 2465 1143 2525 isti
1156 2486 1229 2526 vere
1243 2466 1351 2541 faues;
1373 2485 1448 2527 nam
1466 2468 1533 2543 ipse
1547 2465 1664 2544 gloriae

463 2562 581 2623 ieiunio
594 2583 688 2625 suum
701 2564 800 2641 ipsius
814 2568 900 2640 optat
915 2564 1044 2624 malurn.
1086 2563 1180 2624 Multi
1193 2567 1268 2624 sunt
1282 2565 1396 2642 quibus
1409 2565 1509 2641 magis
1524 2583 1602 2641 opus
1616 2566 1664 2625 eet

463 2659 654 2738 Hippocrate
669 2682 763 2739 quam
777 2662 985 2739 redargutore.

420 2774 449 2826 ¹5
504 2760 669 2820 Caeterum
684 2759 765 2836 quod
780 2780 844 2820 vno
862 2761 897 2820 in
918 2760 986 2821 loco
1003 2761 1095 2821 heres
1112 2764 1144 2821 et
1163 2761 1229 2837 ipse
1244 2760 1282 2821 de
1296 2761 1502 2833 traductione,
1519 2762 1665 2838 quamuis

462 2857 671 2917 variiamodis
679 2877 729 2917 me
738 2860 879 2935 poteram
887 2859 976 2932 tueri,
986 2861 1143 2932 tamemvt
1151 2858 1247 2919 verbo
1257 2879 1323 2919 rem
1332 2858 1665 2935 expediam,donemus

463 2955 523 3014 hoc
548 2954 614 3013 loco
640 2955 911 3015 ‘coniunctionem
936 2961 963 3017 ct
990 2975 1055 3015 non
1080 2975 1147 3015 esse
1175 2955 1448 3034 interpretantis‘:
1478 2975 1542 3015 non
1564 2956 1665 3032 prosit

464 3053 553 3130 mihi,
575 3054 676 3131 ‘quod
696 3054 730 3114 in
751 3054 810 3114 hoc
831 3055 961 3115 domum
981 3054 1152 3114 ducebatur
1163 3073 1249 3129 vxor,
1265 3058 1301 3114 vt
1322 3053 1489 3114 concubitu
1509 3052 1663 3130 copulare

463 3156 516 3211 tur
525 3151 553 3225 ’ς
573 3151 646 3211 vide
658 3170 753 3229 quam
767 3152 847 3211 belle
860 3152 912 3212 hie
925 3158 1051 3228 excusat
1065 3152 1189 3229 lapsum
1204 3154 1209 3209 ἔ
1252 3153 1332 3213 Cum
1346 3152 1507 3212 traducere
1527 3151 1570 3210 sit
1591 3170 1664 3210 cum

420 3267 450 3303 ²0
462 3248 596 3310 infamia
609 3250 777 3322 dimittere,
792 3250 901 3324 euasit,
914 3252 941 3310 si
956 3251 1128 3311 ‘traductio
1142 3232 1298 3325 significat
1316 3269 1503 3310 consensum
1517 3243 1664 3309 domesti-

463 3368 515 3409 cae
535 3348 771 3409 consuetudinis
783 3348 805 3405 ’!
826 3347 926 3409 veluti
946 3349 974 3408 si
995 3348 1066 3426 quia
1087 3347 1280 3409 cucurbitam
1299 3350 1479 3425 usurpasset
1499 3366 1555 3422 pro
1576 3351 1664 3424 tergo

461 3446 551 3521 asini,
567 3447 712 3507 videatur
725 3446 872 3519 euasisse,
887 3446 916 3507 ei
929 3447 1012 3507 alius
1024 3448 1249 3523 interpretetur
1262 3445 1313 3505 illi
1325 3445 1519 3505 cucurbitam
1532 3464 1598 3504 non
1607 3464 1664 3522 pro

461 3549 551 3621 tergo
564 3544 644 3604 asini
658 3544 794 3621 positam
814 3544 868 3604 sed
889 3564 946 3621 pro
966 3545 1093 3605 clitellis
1112 3550 1200 3622 tergo
1221 3543 1387 3621 impositis.
1430 3543 1569 3619 Quodsi
1591 3542 1664 3619 quis

461 3642 686 3720 tergiuersetur
716 3641 838 3702 traduci
864 3642 916 3702 hic
946 3642 1070 3720 vulgari
1098 3642 1275 3720 significatu
1306 3640 1426 3701 dictum
1457 3661 1513 3718 pro
1542 3639 1662 3710 deduci,

418 3758 448 3809 ²5
462 3739 617 3817 quomodo
632 3739 786 3800 traductio
800 3739 953 3817 significat
971 3760 1158 3801 consensum
1174 3743 1228 3800 aut
1242 3739 1373 3799 deducta
1389 3737 1665 3798 consentientem?

462 3838 517 3897 An
538 3836 623 3897 idem
647 3840 695 3897 est
720 3837 831 3899 deduci
854 3841 887 3897 et
910 3837 1055 3897 assentiri
1073 3841 1108 3898 vt
1129 3836 1318 3898 abducaris?
1342 3837 1397 3895 aut
1419 3835 1496 3912 quid
1517 3832 1664 3894 abductio

494 4004 543 4038 mr.
557 4007 589 4039 u:
608 4004 664 4039 oss
676 4004 795 4040 :nasus
809 4005 1002 4040 sorsaonms
1013 4006 1040 4041 a.
1053 4006 1078 4042 a.
1091 4006 1173 4041 sarco
1184 4004 1236 4039 sos
1248 4004 1366 4039 vvncam
1377 4004 1398 4038 s.
1413 4004 1438 4038 n.
1452 3993 1482 4037 D.
1576 4003 1599 4038 1.
1617 3989 1664 4038 Di-

463 4056 532 4104 lscte
544 4056 628 4104 irater
639 4074 656 4104 o
667 4072 674 4103 ι
690 4058 785 4105 Amice
797 4071 853 4105 non
863 4056 985 4117 vulgaris
995 4061 1025 4106 D.
1109 4060 1133 4106 8.
1151 4057 1374 4119 sycophanticum
1387 4091 1392 4103 .
1407 4091 1414 4104 .
1428 4092 1434 4105 .
1448 4054 1549 4103 misisti
1561 4058 1620 4103 odd.
1632 4059 1662 4103 1).

462 4136 487 4184 9.
506 4123 548 4171 est
559 4137 604 4171 om.
616 4125 647 4170 D.
788 4137 826 4171 12.
843 4123 918 4171 imo.
932 4157 939 4171 .
953 4156 960 4170 .
975 4136 1014 4183 13.
1027 4123 1129 4171 malum
1145 4127 1202 4171 edd.
1214 4126 1246 4171 D.
1379 4136 1418 4169 ao.
1437 4138 1469 4168 u:
1487 4119 1624 4182 significet
1635 4124 1663 4168 D.

463 4203 503 4238 aa.
522 4186 565 4235 illi
577 4204 606 4236 o:
626 4187 683 4235 illio
694 4191 722 4235 D.
823 4201 863 4248 ²5·
881 4187 998 4236 deducta
1009 4203 1043 4236 u:
1060 4188 1184 4237 traducta
1195 4192 1225 4237 D.

495 4336 519 4380 4.
539 4319 716 4383 Hieronymi]
729 4318 846 4381 Lypsius
855 4334 909 4369 was
921 4320 1038 4382 perhaps
1086 4325 1108 4368 st
1119 4319 1255 4368 carnalem
1265 4318 1390 4381 copulam
1400 4319 1424 4377 ';
1441 4318 1474 4367 ci.
1488 4332 1544 4379 cap.
1558 4332 1582 4380 5,
1597 4321 1610 4375 i
1624 4318 1663 4381 k).

462 4385 580 4450 engaged
592 4387 622 4435 in
634 4383 909 4447 studyiugErasmus'
922 4385 1034 4436 edition.
1087 4382 1161 4434 Iaee’s
1178 4385 1289 4433 delence
1308 4386 1338 4432 of
1355 4383 1489 4433 bombard
1506 4397 1618 4445 appears
1635 4386 1664 4433 to

496 4466 519 4512 7.
537 4466 586 4515 per
597 4450 715 4515 litterae]
730 4451 796 4513 Epp.
808 4451 857 4512 33⁸
868 4451 923 4499 and
934 4464 991 4513 5¹9·
1087 4451 1157 4500 have
1171 4452 1239 4498 been
1251 4453 1290 4512 (ι)
1303 4450 1364 4499 that
1379 4456 1466 4498 etwas
1477 4452 1525 4496 not
1536 4449 1663 4510 explana-

497 4532 535 4579 15·
553 4517 726 4568 traductione
767 4516 803 4566 In
828 4516 874 4564 his
904 4520 967 4566 note
1001 4530 1037 4564 on
1087 4520 1155 4577 tory,
1171 4537 1192 4554 ε·
1207 4520 1234 4563 ia
1249 4522 1295 4578 ⁰⁸23
1318 4517 1357 4579 (a)
1377 4515 1438 4564 that
1456 4514 1590 4563 Iombard
1608 4514 1663 4563 had

462 4582 539 4634 usta
562 4599 581 4633 1.
604 4598 641 4645 19,
662 4581 727 4630 ‘nol
741 4586 768 4631 et
793 4597 853 4631 eom
877 4584 1036 4643 traducere,'
1087 4582 1309 4631 usedtraductioas
1323 4579 1664 4642 ededucttoandimplying

462 4647 567 4713 (which
583 4649 700 4711 hypsius
716 4647 807 4710 copies
828 4650 857 4696 at
873 4648 921 4697 the
937 4647 992 4697 end
1010 4647 1041 4695 ol
1086 4662 1217 4697 conamus.

461 4714 506 4762 his
524 4715 685 4778 argument),
704 4714 833 4762 Erasmus
848 4713 903 4762 had
922 4712 1037 4775 charged
1120 4712 1432 4776 Erasmusconoedesm.
1447 4711 1500 4759 His
1507 4713 1664 4772 arguments

462 4779 682 4829 PeterLombsrd
689 4779 757 4827 with
768 4778 1038 4840 misunderstanding
1087 4778 1152 4827 here
1169 4779 1198 4827 in
1211 4778 1289 4841 reply
1300 4781 1329 4826 tc
1341 4779 1378 4841 (a)
1391 4792 1435 4826 ure
1451 4776 1618 4838 reproduoed
1632 4778 1662 4824 in

461 4844 520 4894 this
526 4844 603 4893 word
613 4845 722 4907 (Smbnt.
732 4861 756 4904 4,
767 4844 830 4895 dist.
841 4859 881 4905 ay.
893 4859 949 4907 cap.
957 4859 982 4907 3,
995 4847 1036 4908 tf,
1088 4844 1136 4892 the
1147 4844 1247 4893 second
1259 4844 1365 4892 edition
1378 4842 1408 4891 oi
1422 4843 1468 4891 the
1481 4846 1559 4891 notes
1570 4856 1605 4889 on
1615 4841 1663 4890 the

463 4909 597 4973 ‘Quidam
616 4912 709 4958 tamma
726 4915 851 4957 asserum
867 4925 960 4960 verum
977 4924 1038 4958 oon·
1088 4909 1153 4958 Now
1160 4909 1328 4968 Testament;
1344 4910 1391 4957 the
1403 4908 1565 4971 printingol
1571 4908 1661 4955 which

462 4976 567 5039 iuglum
574 4990 629 5025 non
637 4975 760 5024 contrahi
768 4979 833 5024 ante
839 4976 1037 5024 traductionem
1087 4989 1144 5023 suas
1154 4975 1306 5037 completed
1318 4989 1353 5023 on
1365 4988 1397 5035 ²3
1409 4975 1477 5036 Aug.
1493 4974 1564 5035 1518.
