3867 6034
406 696 467 755 are
754 699 946 760 sumnus
974 699 1027 759 or
1054 698 1254 761 sansuus
1509 691 1609 777 [1518

345 877 391 925 1³5
405 853 623 929 calumniaril:
654 855 737 915 ‘sola
757 854 923 949 integritas
947 857 1110 932 sermonis,
1133 860 1270 931 ornatus,
1293 854 1450 931 elegantia
1470 872 1526 914 seu
1547 850 1608 913 elo

406 951 536 1027 quentis
554 955 603 1012 est
623 953 657 1012 in
678 971 766 1013 sacra
784 953 964 1032 Scriptura’
1005 955 1066 1016 Sed
1080 954 1156 1034 quid
1176 953 1372 1032 eloquentiae
1392 955 1448 1013 aut
1468 950 1609 1029 poeticae

406 1068 481 1107 cum
494 1049 722 1124 grammatica?
761 1051 791 1112 N
793 1070 845 1111 am
858 1052 933 1113 hinc
947 1054 1050 1131 coepit
1062 1053 1227 1131 amphora,
1240 1051 1346 1114 subito
1358 1068 1471 1111 urceus
1487 1049 1605 1109 exiam

407 1147 453 1206 At
467 1146 560 1207 diuus
572 1148 780 1225 Augustinus,
796 1149 887 1211 cuius
906 1151 1060 1226 meminit,
1075 1150 1163 1212 iubet
1176 1170 1271 1211 suum
1285 1149 1465 1210 Licentium
1477 1147 1520 1208 ad
1536 1165 1609 1207 sues

407 1244 508 1303 redire
528 1243 641 1306 Musas
685 1246 728 1307 Et
749 1247 967 1327 Hieronymus
987 1250 1022 1309 iu
1042 1248 1202 1309 Ciceronis
1220 1247 1354 1324 dialogis
1372 1249 1525 1317 remur,
1547 1263 1609 1322 quo

349 1366 395 1417 140
406 1360 583 1402 sermonem
611 1344 721 1404 reddat
747 1347 960 1423 copiosiorem.
1016 1348 1092 1423 Quis
1115 1350 1221 1407 autem
1244 1348 1387 1407 veterum
1410 1363 1476 1404 non
1503 1342 1609 1403 hamit

407 1438 1161 1524 eloquentiameuamexoratorumacpoetarum
1170 1444 1284 1504 libris?
1312 1443 1379 1504 Aut
1389 1442 1608 1521 quisvnquam

406 1537 572 1598 verborum
592 1540 817 1617 supellectilem
837 1564 875 1604 ex
895 1544 992 1604 sacris
1009 1543 1225 1605 voluminibus
1242 1540 1362 1619 petiit?
1406 1539 1551 1618 Denique
1569 1556 1609 1597 an

407 1635 549 1711 quiaquia
575 1641 682 1713 poetas
709 1639 857 1717 despexit,
885 1642 1031 1721 protinus
1057 1660 1177 1703 sacram
1207 1639 1297 1700 illam
1328 1658 1364 1699 ac
1394 1636 1608 1715 propheticam

406 1731 618 1811 eloquentiam
631 1739 792 1797 assecutus
805 1741 878 1800 est?

348 1860 394 1910 ¹45
453 1835 499 1889 18.
522 1832 599 1906 Quis
611 1836 717 1895 autem
732 1855 798 1896 non
808 1838 895 1897 videt
904 1838 1061 1915 egregiam
1071 1837 1157 1897 illius
1165 1835 1396 1896 conclusionem
1408 1831 1608 1893 manifestam

409 1928 786 2008 habereblaephemiam?
805 1934 863 1994 Ait
871 1935 970 1995 solam
979 1932 1389 2013 elegantiamesseinsacris
1395 1930 1513 1991 literis:
1528 1927 1608 1989 nihil

409 2026 506 2103 igitur
513 2028 579 2088 illic
587 2029 673 2089 aliud
685 2033 837 2109 estqusm
846 2032 1026 2111 elegantia?
1050 2033 1115 2093 Nec
1124 2035 1231 2093 tamen
1243 2031 1303 2091 hoc
1312 2029 1389 2090 dicit
1398 2027 1608 2105 Augustinus,

409 2145 504 2203 quem
513 2125 565 2186 hic
573 2130 716 2214 autorem
724 2129 860 2204 adducit,
869 2133 952 2209 quod
960 2131 1021 2191 iste
1028 2131 1135 2207 sensit,
1144 2130 1216 2190 licet
1224 2127 1444 2190 obbalbutiem
1452 2126 1538 2204 quod
1545 2143 1609 2186 sen-

411 2223 455 2285 sit
464 2226 639 2303 exprimere
653 2231 839 2306 nequiuerit.
874 2232 946 2292 Non
955 2232 1043 2292 enim
1054 2231 1175 2306 colligit
1185 2230 1219 2290 in
1230 2228 1306 2290 solis
1315 2228 1406 2288 libris
1414 2226 1536 2287 diuinis
1546 2243 1610 2287 eme

350 2349 397 2398 150
410 2322 630 2401 eloquentiam,
646 2327 701 2387 ssd
715 2327 748 2387 in
762 2327 814 2389 his
831 2348 895 2389 non
908 2329 1016 2389 abesse
1029 2329 1250 2407 eloquentiam,
1266 2345 1339 2387 cum
1351 2326 1436 2386 adsit
1448 2323 1608 2403 sapientia

412 2421 502 2481 cuius
516 2422 605 2483 illam
619 2425 820 2503 pede
834 2446 901 2488 esse
911 2428 1000 2503 vult;
1021 2427 1097 2488 licet
1110 2428 1246 2488 fateatur
1258 2425 1344 2487 eliud
1357 2444 1424 2485 esse
1438 2442 1541 2501 genus
1554 2421 1610 2484 elo

412 2522 565 2595 quentiae
587 2522 629 2582 nt
636 2524 742 2583 tamen
750 2524 1074 2604 hocinquaestiouem
1082 2520 1611 2599 vocat,auillis0mninotribuenda

412 2617 456 2676 sit
467 2615 573 2694 aliqua
586 2639 657 2695 pers
670 2621 874 2698 eloquentiae,
889 2644 962 2685 cum
977 2624 1016 2684 de
1029 2624 1160 2684 caeteris
1172 2622 1346 2684 virtutibus
1358 2640 1424 2681 non
1437 2619 1572 2681 dubitet.

457 2733 501 2788 19.
521 2715 565 2776 Vt
578 2718 772 2780 dissimulem
784 2719 914 2782 interim
927 2741 993 2782 nou
1008 2722 1158 2782 continuo
1171 2720 1327 2797 consequi,
1340 2718 1369 2781 si
1380 2718 1484 2795 possis
1493 2718 1612 2795 aliquot

354 2838 399 2887 155
414 2812 573 2873 schemata
585 2815 722 2891 proferre
739 2837 779 2877 ex
794 2820 974 2895 apostolicis
987 2819 1097 2893 literis,
1111 2819 1256 2896 protinus
1273 2817 1338 2878 illic
1351 2836 1420 2877 esse
1435 2815 1612 2876 absolutam

413 2910 630 2987 eloquentiam,
640 2934 712 2975 cum
720 2915 936 2994 Hieronymus
943 2921 976 2978 et
983 2917 1132 2995 Origenes
1140 2938 1175 2977 ac
1185 2914 1613 2995 chrysostomusfrequenter

414 3007 611 3070 offendantur
633 3011 824 3091 hyperbatis,
850 3016 1033 3093 anapodotis
1054 3015 1187 3094 aliisque
1211 3014 1364 3074 sermonis
1386 3010 1613 3073 incommodis:

413 3106 476 3183 sed,
500 3111 536 3168 vt
559 3109 593 3169 in
614 3112 775 3187 Apostolis
794 3131 859 3172 uon
880 3114 1070 3192 requirimus
1088 3112 1320 3174 Aristotelicum
1341 3114 1396 3172 aut
1408 3110 1614 3200 *Platonicam

413 3205 656 3283 philosophiam,
686 3212 722 3271 vt
754 3230 810 3270 nec
844 3231 918 3289 opes
947 3215 1003 3272 aut
1033 3212 1226 3287 satellitium,
1260 3211 1305 3271 ita
1332 3230 1397 3271 non
1424 3208 1615 3287 requirimus

355 3317 401 3366 160
412 3305 631 3382 eloquentiam.

458 3423 505 3464 πο.
529 3403 603 3463 Mox
624 3406 685 3466 tria
703 3407 840 3483 insignia
859 3408 1022 3469 mendacia
1037 3409 1206 3483 connectit,
1221 3427 1294 3468 cum
1312 3408 1357 3467 ait
1373 3426 1425 3466 me
1441 3406 1615 3467 deuotam:

419 3502 522 3576 ‘Quid
535 3522 610 3580 ergo
632 3504 695 3563 iam
713 3524 803 3583 agere
823 3505 970 3581 intendit,
987 3507 1042 3584 qui
1062 3507 1220 3584 quondam
1239 3505 1421 3565 damnatam
1439 3504 1614 3565 versionem

417 3600 579 3661 Laurentii
587 3601 743 3663 Vallensis
752 3603 787 3663 in
797 3603 901 3663 lucem
910 3603 1091 3664 candescere
1102 3607 1240 3679 conatur,
1253 3604 1317 3664 nisi
1325 3622 1429 3664 sacrae
1439 3602 1616 3680 Scripturas

416 3697 630 3775 eloquentiam
658 3700 810 3762 infamem
829 3704 862 3762 et
882 3703 1021 3779 ineptam
1049 3703 1215 3763 mdderel’
1250 3702 1403 3771 Primum,
1425 3701 1499 3778 quis
1518 3699 1616 3761 nescit

359 3810 405 3872 ¹⁶5
418 3795 534 3857 falsum
550 3817 618 3858 esse
630 3817 650 3858 a
663 3798 833 3860 Laurentio
846 3818 970 3859 versam
982 3800 1176 3878 Scripturam
1189 3799 1334 3860 sacram?
1375 3798 1499 3860 Felsius
1511 3800 1616 3859 autem

418 3895 487 3955 eius
507 3897 727 3957 annotationes
747 3898 905 3975 quondam
926 3916 995 3957 esse
1013 3898 1185 3958 damnatas
1228 3896 1447 3957 Falsissimum
1464 3896 1549 3974 quod
1565 3895 1616 3969 ait,

423 3993 494 4069 ‘qui
523 4013 575 4054 ees
595 3995 730 4072 euulget,
753 3995 968 4073 eloquentiam
995 4014 1098 4056 sacrae
1117 3997 1298 4073 Scripturas
1318 3997 1448 4055 conetur
1467 3994 1617 4055 infamem

420 4090 580 4151 reddere’:
621 4112 717 4170 quem
743 4092 882 4154 illustrat
911 4094 1017 4170 potius
1044 4096 1076 4153 et
1104 4092 1303 4153 commendat
1330 4091 1385 4171 qui
1412 4094 1559 4169 portenta
1584 4110 1618 4150 ac

420 4189 549 4250 mendas
561 4210 639 4268 quas
652 4191 744 4251 istius
756 4191 881 4253 sodales
893 4190 1082 4252 inuexerunt
1095 4192 1244 4251 amolitus
1257 4190 1361 4251 fuerit

305 4322 307 4327 ·
360 4312 407 4365 170
463 4308 508 4350 21.
534 4290 654 4350 Deinde
675 4290 798 4365 magnis
814 4289 983 4367 tragoediis
1003 4289 1036 4349 in
1054 4310 1105 4348 me
1126 4288 1322 4363 debachatur,
1338 4288 1393 4366 qui
1406 4288 1441 4347 in
1453 4288 1618 4366 prouerbio

419 4389 566 4464 quopiam
585 4386 688 4447 obiter
708 4386 902 4464 Scripturam
924 4405 1044 4448 sacram
1066 4387 1183 4447 Silenis
1199 4386 1390 4447 Alcibiadeis
1402 4387 1616 4463 compararim,

456 4616 510 4663 ¹5e
530 4598 677 4648 virtutibus
688 4603 745 4648 odd.
757 4602 788 4646 Η.
858 4612 913 4659 157.
929 4597 1137 4659 anapodotisD:
1153 4595 1405 4659 aarautepodotielf.
1487 4597 1541 4659 ¹5⁸·
1560 4611 1620 4659 apo·

421 4668 499 4715 stolis
510 4670 562 4714 DF
571 4669 656 4725 dunig.
670 4682 676 4714 :
692 4664 845 4727 apostolicis
856 4668 917 4712 ΡΗ.

457 4881 512 4930 ¹37·
530 4866 673 4931 amphora]
683 4865 724 4918 cf.
735 4866 803 4917 Hor.
815 4871 846 4918 A.
858 4870 885 4915 P.
897 4880 963 4930 aua.
1085 4861 1619 4927 139.11iemnymue]cf.aue.aw.r.1c

458 4935 512 4994 138.
521 4933 691 4994 Auguetlnus
714 4935 815 4993 Epa⁶3
827 4932 997 4994 ctuuuouus,
1084 4946 1137 4991 147.
1154 4930 1337 4994 Augustinus]
1347 4933 1513 4980 Dourffirrist.
1525 4948 1550 4991 ⁴·
1562 4932 1587 4991 6,
1597 4944 1619 4989 7.

421 5000 452 5048 in
464 4997 676 5049 mammo
715 5001 755 5048 ν’.
1084 5010 1138 5057 170.
1156 4995 1311 5060 prouerbio]
1322 5000 1402 5056 Adeo.
1411 5009 1484 5045 sacr.
