3867 6034
487 766 550 807 xxx
833 747 1023 809 LETTERS
1050 747 1103 810 OF
1130 746 1330 809 ERASMUS
1585 740 1684 826 [1506

486 903 711 979 premissorum
731 902 916 963 meritorum
938 906 1065 962 tuorum
1085 902 1205 962 intuitu
1225 902 1333 962 fauore
1353 903 1499 979 prosequi
1519 901 1682 979 graciosso,

488 1005 581 1078 teque
605 1020 624 1061 a
644 1000 806 1079 quibusuis
829 1000 1166 1076 excommunicationis,
1195 1000 1429 1080 (suspensionis,
1452 1004 1485 1062 et
1509 999 1681 1072 interdicti,

488 1098 619 1175 aliisque
643 1099 860 1159 ecclesiasticis
883 1100 1057 1173 sententiis,
1077 1099 1223 1173 censuris,
1249 1102 1280 1159 et
1304 1100 1412 1177 poenis
1435 1118 1454 1159 a
1476 1099 1544 1159 iure
1568 1098 1620 1158 vel
1643 1096 1684 1157 ab

488 1196 616 1257 homine
642 1199 754 1274 quauis
777 1197 935 1257 occasione
960 1198 1011 1258 vel
1037 1218 1128 1259 causa
1155 1199 1240 1270 latis,
1262 1200 1289 1258 si
1313 1197 1427 1276 quibus
1448 1195 1683 1275 quomodolibet

445 1319 475 1355 ιο
486 1293 655 1355 innodatus
673 1295 790 1370 existis,
810 1294 849 1355 ad
869 1295 1015 1356 effectum
1033 1297 1226 1373 presentium
1247 1292 1399 1358 duntaxat
1419 1294 1682 1374 consequendum,

489 1392 601 1453 harum
621 1394 699 1454 serie
719 1391 926 1471 absoluentes)
944 1397 977 1455 et
997 1393 1176 1454 absolutum
1194 1394 1259 1454 foro
1281 1396 1462 1466 censentes;
1484 1393 1549 1453 tuis
1569 1392 1604 1452 in
1624 1392 1683 1451 hac

486 1494 574 1568 parte
581 1490 858 1569 supplicationibus
865 1491 1010 1551 inclinati
1017 1492 1388 1570 tecum,vtquodcunque
1396 1492 1582 1551 benefitium
1591 1489 1684 1551 eccle·

489 1589 650 1649 sissticum
664 1609 736 1649 cum
751 1608 824 1649 cura
836 1590 887 1649 vel
898 1589 965 1649 sine
976 1609 1050 1650 cura
1059 1609 1115 1666 per
1125 1590 1252 1650 clericos
1262 1591 1412 1651 seculares
1427 1590 1529 1650 teneri
1543 1588 1682 1662 solitum,

489 1687 625 1747 etiamsi
643 1686 844 1765 parrochialis
861 1688 990 1748 ecclesia
1007 1687 1058 1747 vel
1076 1688 1144 1747 eius
1164 1690 1312 1765 perpetua
1328 1688 1443 1749 vicaria
1460 1690 1515 1748 aut
1535 1686 1683 1758 cantoria,

446 1810 475 1860 15
488 1784 585 1845 libera
607 1784 729 1863 capella,
757 1785 920 1863 hospitale,
945 1786 996 1845 vel
1023 1785 1157 1845 annuale
1177 1785 1341 1846 seruitium
1365 1785 1484 1846 eisdem
1507 1784 1628 1845 clericis
1649 1783 1684 1843 in

488 1882 618 1943 titulum
639 1884 780 1961 perpetui
801 1882 941 1942 benefitii
961 1882 1162 1942 ecclesiastici
1181 1884 1332 1961 assignari
1351 1884 1482 1944 solitum
1505 1886 1537 1942 et
1557 1883 1596 1944 de
1616 1882 1684 1943 iure

489 1985 690 2057 patronorum
708 1982 868 2058 laycorum
887 1983 942 2041 aut
958 1980 1170 2057 cuiuscunque
1186 1983 1257 2041 taxe
1274 2002 1328 2042 seu
1347 1982 1446 2041 annui
1461 1981 1577 2041 valoris
1595 1979 1684 2041 illius

489 2078 616 2153 fructus,
641 2078 790 2153 redditus,
813 2084 845 2140 et
868 2082 1038 2156 prouentus
1061 2079 1188 2152 inerint,
1212 2080 1241 2139 si
1262 2079 1319 2140 tibi
1340 2080 1418 2139 alias
1441 2079 1588 2139 canonice
1613 2098 1684 2139 con·

488 2175 629 2237 ferantur
642 2180 697 2237 aut
711 2177 900 2254 precentoris
914 2176 964 2236 vel
982 2177 1058 2237 alias
1076 2178 1245 2237 assumaris
1263 2178 1301 2237 ad
1321 2177 1400 2237 illud
1415 2181 1447 2238 et
1461 2177 1636 2258 instituatis
1649 2177 1684 2238 in

445 2302 475 2336 πο
488 2294 532 2349 eo,
542 2274 676 2351 recipere
686 2278 718 2335 et
727 2275 869 2348 retinere,
879 2274 1020 2352 illudque
1027 2274 1214 2351 simpliciter
1221 2275 1271 2335 vel
1280 2295 1317 2335 ox
1329 2295 1420 2336 causa
1428 2276 1681 2353 permutacionis,

489 2372 637 2450 quociens
654 2372 714 2433 tibi
731 2373 891 2451 placuerit,
908 2372 1058 2448 dimitere,
1073 2376 1105 2433 et
1118 2373 1184 2434 loco
1202 2373 1325 2434 dimissi
1338 2373 1424 2433 aliud
1438 2373 1542 2434 simile
1555 2373 1607 2435 vel
1621 2374 1683 2436 dis·

487 2471 591 2533 simile
599 2470 783 2532 benefitium
793 2472 1037 2532 ecclesiasticum
1047 2491 1120 2531 cum
1131 2492 1204 2532 cura
1212 2472 1264 2532 vel
1274 2472 1342 2531 sine
1353 2491 1434 2546 cura,
1447 2474 1482 2531 vt
1492 2472 1682 2549 promititur,

489 2569 701 2647 qualificatum
715 2570 861 2630 similiter
875 2570 1010 2647 recipere
1020 2572 1060 2639 et,
1070 2571 1106 2629 vt
1118 2570 1292 2647 proffertur,
1306 2569 1439 2630 retinere
1450 2568 1547 2629 libere
1556 2573 1589 2630 et
1599 2570 1684 2633 licite

491 2667 605 2743 valeas,
633 2668 766 2729 deffectu
793 2668 932 2746 predicto
959 2687 994 2727 sc
1023 2666 1184 2728 Pictauen.
1213 2667 1337 2727 concilii
1363 2670 1395 2726 et
1422 2667 1586 2744 quibusuis
1612 2668 1685 2730 aliis

445 2792 474 2841 25
491 2766 665 2844 apostolicis
686 2786 721 2827 ao
743 2766 791 2827 bo.
816 2786 875 2826 me.
902 2764 1030 2826 Octonis
1054 2767 1086 2824 et
1107 2764 1269 2838 Octoboni,
1294 2765 1371 2825 olim
1393 2764 1428 2825 in
1449 2785 1545 2844 regno
1565 2766 1684 2845 Anglie

489 2866 655 2943 apostolice
674 2865 757 2926 sedis
778 2866 958 2942 legatorum,
979 2883 1101 2924 necnon
1120 2863 1153 2922 in
1175 2863 1417 2940 prouincialibus
1435 2866 1467 2923 et
1487 2864 1684 2928 sinodalibus

490 2963 631 3025 conciliis
643 2963 737 3024 editis
749 2961 944 3040 generalibus
961 2962 1011 3023 vel
1028 2961 1213 3039 specialibus
1229 2961 1506 3022 constitutionibus
1519 2964 1551 3022 et
1564 2964 1685 3025 ordina·

488 3060 634 3136 tionibus,
653 3062 784 3122 statutis
802 3062 972 3138 quoquest
991 3059 1268 3120 consuetudinibus
1289 3060 1468 3121 monasterii
1484 3060 1523 3120 de
1541 3060 1632 3121 Stein
1648 3062 1684 3121 in

489 3158 667 3234 Hollandia,
696 3157 817 3220 ordinis
845 3158 952 3218 Sancti
979 3158 1160 3234 Augustini,
1191 3157 1397 3217 'l'raiectensis
1425 3158 1564 3233 diocesis,
1596 3159 1684 3221 ouius

443 3284 475 3332 30
490 3257 656 3318 canonicus
677 3261 716 3331 et,
740 3260 775 3317 vt
799 3256 895 3316 etiam
917 3256 1038 3329 asseris,
1064 3256 1206 3316 ordinem
1230 3255 1334 3333 ipsum
1355 3274 1497 3333 expresse
1524 3257 1684 3334 professus

487 3353 603 3428 existis,
618 3373 654 3413 ac
667 3354 741 3413 dicti
755 3352 875 3414 ordinis
888 3353 1064 3413 iuramento
1078 3351 1315 3412 confirmacione
1329 3352 1498 3429 apostolica
1507 3352 1559 3412 vel
1572 3355 1684 3431 quauis

489 3453 638 3513 firmitate
653 3452 714 3512 alia
728 3451 879 3511 roboratis
894 3451 1065 3528 ceterisque
1084 3450 1246 3510 contrariis
1263 3470 1458 3528 nequaquam
1476 3451 1682 3526 obstantibus,

490 3549 673 3610 auctoritate
694 3549 863 3627 apostolica
892 3551 998 3608 tenore
1024 3549 1216 3625 presentium
1242 3549 1280 3608 de
1306 3548 1448 3625 specialis
1474 3548 1556 3610 dono
1584 3551 1683 3628 gratis

489 3650 713 3727 dispensamus.
758 3646 847 3708 Nulli
863 3666 944 3723 ergo,
964 3649 1030 3720 etc,
1050 3649 1154 3706 nostre
1170 3645 1374 3707 absolutionis
1390 3650 1423 3706 et
1440 3646 1684 3725 dispensationis

443 3769 473 3819 35
487 3746 664 3823 infringere,
681 3749 737 3807 etc.
781 3744 816 3805 Si
829 3744 907 3822 quis,
922 3747 980 3805 etc.

529 3845 647 3904 Datum
662 3845 760 3904 Romo
778 3842 859 3920 apud
879 3845 1023 3903 sanctum
1040 3842 1170 3902 Petrum
1188 3861 1270 3902 anno
1288 3842 1512 3903 incarnationis
1528 3844 1684 3908 dominice

488 3941 657 4003 millesimo
671 3941 940 4020 quingentessimo
954 3940 1073 4017 quinto.
1109 3940 1217 3999 Pridie
1232 3940 1313 4001 Non.
1330 3940 1453 4002 Ianuar.
1470 3943 1565 4004 Anno
1578 3944 1684 4007 tertio.

1434 4074 1473 4133 Α.
1491 4071 1638 4136 Colotius
