3867 6034
482 719 543 781 ιιι
831 718 1022 782 narrans
1049 720 1104 781 or
1129 719 1329 782 nassum
1587 716 1689 802 [ιρι

482 896 533 937 me
548 897 588 938 ne
601 876 762 938 tantulum
775 875 904 954 quidem
917 875 1016 936 fuisse
1029 877 1244 949 commotum
1264 879 1296 936 et
1310 875 1387 936 adeo
1406 895 1470 937 non
1488 875 1588 937 fuisse
1606 895 1689 938 com·

481 979 605 1036 motum
628 979 665 1036 vt
685 976 803 1036 amicos
826 974 977 1052 quosdam
1001 974 1183 1048 Germanos,
1209 972 1243 1033 id
1269 993 1333 1034 non
1357 972 1435 1034 satis
1455 993 1557 1052 aequo
1577 975 1689 1035 animo

481 1073 625 1144 ferentes,
640 1072 763 1133 riserim
782 1071 888 1133 verius
912 1091 1008 1148 quam
1030 1071 1190 1148 placarim.
1236 1071 1392 1146 Quorsum
1418 1072 1517 1147 igitur
1543 1072 1688 1133 attinent

480 1168 538 1230 illa
558 1170 648 1247 θερμὰ
668 1171 714 1230 καὶ
734 1171 874 1247 dedet?
917 1168 1027 1230 ‘Itane
1046 1189 1129 1242 vero,
1149 1168 1273 1246 siquid
1294 1169 1353 1229 tibi
1373 1169 1573 1231 familiariter
1594 1174 1688 1249 atque

422 1290 470 1341 ²30
481 1268 637 1329 amicitiae
647 1269 715 1328 iure
727 1269 828 1329 fretus
837 1268 952 1341 dixero,
965 1271 1001 1327 tu
1015 1266 1050 1327 in
1064 1287 1116 1328 me
1125 1266 1323 1344 eloquentiae
1334 1271 1406 1329 tuae
1415 1268 1514 1329 aciem
1526 1268 1688 1347 stringes?

481 1368 514 1426 et
527 1368 563 1426 vt
576 1368 685 1427 animo
698 1365 879 1443 obsequaris
890 1365 1082 1439 iracundulo,
1094 1364 1133 1426 ad
1144 1365 1323 1426 satietatem
1335 1386 1459 1427 mecum
1470 1366 1687 1445 delitigabis?'

481 1466 662 1542 caeteraque
675 1483 755 1542 quae
769 1464 803 1523 in
817 1464 898 1524 hanc
911 1466 1087 1541 sequuntur
1099 1463 1297 1524 sententiam.
1341 1463 1376 1523 Si
1385 1464 1461 1525 haec
1471 1467 1552 1525 serio
1563 1464 1686 1536 acribia,

479 1561 611 1622 vtinam
625 1564 673 1623 est
687 1563 722 1622 in
735 1562 862 1640 scriptis
875 1560 955 1621 meis
968 1560 1031 1621 ista
1043 1563 1111 1621 tam
1129 1561 1287 1638 impotens
1305 1562 1489 1623 iracundia?
1508 1562 1565 1623 vbi
1584 1563 1686 1625 deliti-

480 1660 591 1737 gatio?
609 1660 664 1722 vbi
674 1680 745 1721 mea
759 1659 901 1721 Minerua
911 1658 1072 1719 facundiae
1082 1659 1244 1737 praesidiis
1255 1660 1354 1721 fretus
1368 1662 1519 1723 aduersus
1528 1661 1686 1723 iustitiam

421 1780 468 1832 ²³⁵
481 1758 653 1870 depugno?
693 1758 752 1819 sin
775 1757 867 1833 ludis,
892 1776 953 1834 qua
982 1760 1057 1817 nota
1080 1757 1194 1817 sentiet
1221 1757 1321 1817 lector
1349 1758 1509 1837 utriusque
1538 1763 1687 1821 nostrum

471 1854 609 1935 ignarus
632 1874 699 1917 esse
723 1855 837 1929 iocum,
853 1856 888 1915 in
909 1874 971 1931 quo
992 1858 1028 1915 tu
1050 1856 1116 1915 tam
1136 1855 1216 1915 acite
1235 1856 1405 1917 adumbraa
1424 1858 1685 1932 stomachantem,

480 1956 517 2014 vt
531 1954 586 2030 qui
599 1972 672 2014 vere
685 1953 868 2031 indignetur
882 1972 945 2012 non
958 1955 1051 2029 queat
1065 1952 1205 2030 seipsum
1218 1953 1333 2014 melius
1346 1958 1579 2031 repraesentare
1590 1974 1686 2033 quam

481 2054 517 2112 tu
539 2051 696 2112 simules?
736 2050 771 2112 Si
792 2051 852 2111 tibi
872 2049 974 2128 placet
994 2049 1084 2111 lusus
1103 2050 1304 2111 Laconicae
1294 2070 1329 2111 ιιι
1350 2051 1497 2127 amicum,
1513 2053 1570 2130 qui
1588 2072 1687 2131 reque

481 2150 522 2210 ad
536 2150 668 2211 vulnera
681 2148 849 2227 tuberaque
863 2149 944 2209 solet
955 2148 1111 2226 progredi,
1127 2147 1272 2209 videlicet
1287 2169 1348 2226 quo
1362 2169 1414 2211 me
1427 2151 1538 2213 doceas
1551 2152 1686 2212 toleran-

423 2272 471 2324 ι4ο
481 2248 560 2310 tiam
573 2269 582 2323 ς
602 2247 676 2309 vide
693 2266 734 2307 ne
748 2247 820 2324 quis
832 2246 916 2307 istud
931 2249 1075 2307 causetur
1092 2265 1205 2324 parum
1221 2247 1446 2324 tempestiuum
1463 2249 1498 2308 in
1519 2249 1685 2310 hominem

481 2344 639 2424 aliquanto
659 2365 754 2423 quam
773 2348 809 2405 tu
830 2364 864 2405 ea
883 2345 961 2406 natu
981 2344 1188 2421 grandiorem,
1207 2363 1280 2405 cum
1300 2350 1449 2407 cruentus
1469 2345 1524 2406 ille
1545 2347 1685 2425 Lycurgi

480 2442 569 2504 lusus
591 2442 791 2503 iuuentutem
815 2442 969 2502 duntaxat
993 2444 1176 2501 excerceret.
1221 2440 1291 2503 Iam
1311 2443 1485 2520 periculum
1504 2448 1554 2505 est
1573 2464 1614 2505 ne
1633 2445 1685 2505 cui

482 2540 588 2601 venmt
610 2541 644 2600 in
667 2542 807 2600 mentem
827 2542 864 2601 vt
883 2538 987 2600 simile
1009 2538 1159 2616 quiddam
1179 2539 1263 2600 dicat
1287 2539 1322 2600 in
1342 2545 1374 2600 te
1394 2542 1487 2619 quale
1508 2542 1685 2605 celebratur

482 2637 626 2699 Platonis
643 2637 679 2697 in
695 2637 877 2715 Diogenem
921 2637 956 2697 1s
974 2656 1046 2698 oum
1062 2636 1212 2698 calcasset
1231 2637 1394 2701 culcitram
1413 2638 1565 2714 Platonis,
1586 2642 1634 2702 ait
1652 2660 1685 2702 se

423 2760 470 2812 ²4⁵
482 2734 625 2797 Platonis
647 2736 765 2796 fastum
790 2734 922 2795 cdcare:
957 2734 1102 2811 ‘Galeas’
1127 2736 1232 2813 inquit
1259 2736 1360 2811 Plato,
1390 2739 1461 2797 ‘sed
1489 2738 1553 2799 alio
1581 2739 1686 2801 fastu!

482 2833 662 2894 Verendum
682 2832 780 2909 igitur
799 2836 847 2893 est
867 2852 907 2892 ne
932 2832 1003 2909 quis
1028 2832 1285 2895 animaduertere
1304 2838 1371 2895 tam
1399 2835 1556 2897 iracundia
1583 2837 1684 2898 literis

483 2930 549 2991 tuis
571 2949 676 2990 meam
700 2929 845 3008 castigari
866 2928 1069 3002 iracundiam,
1092 2929 1153 2991 tibi
1174 2931 1257 2991 dicat
1278 2931 1407 2993 itidem:
1436 2933 1609 3013 ‘Obiurgas
1628 2935 1686 2996 ira·

483 3029 641 3103 cundiam,
677 3029 732 3089 sed
769 3027 831 3089 alia
863 3028 1043 3089 iracundia’
1096 3028 1243 3089 Ceterum
1278 3030 1347 3106 agis
1379 3030 1577 3108 iracundum,
1616 3054 1683 3095 non

482 3126 632 3188 uaeoeris
674 3126 717 3187 Vt
736 3145 821 3204 agas,
834 3129 917 3187 certe
932 3125 1071 3187 nimium
1087 3127 1165 3187 scite
1182 3126 1257 3205 agis,
1274 3130 1540 3204 quemadmodum
1554 3132 1684 3194 Aiacem

424 3226 548 3304 asoegit
568 3224 754 3286 Lucianicus
780 3224 834 3286 ille
863 3224 986 3300 histrio,
1011 3225 1068 3301 qui
1087 3225 1171 3285 inter
1197 3227 1355 3303 agendum
1384 3228 1440 3287 vni
1468 3232 1564 3306 atque
1591 3230 1684 3292 alteri

482 3326 575 3401 caput
595 3323 791 3398 comminuit,
814 3343 878 3384 non
899 3322 966 3383 sine
987 3326 1074 3384 metu
1099 3328 1300 3385 caeterorum.
1344 3324 1405 3385 Sed
1426 3325 1481 3387 ille
1501 3332 1685 3404 personatus

481 3422 598 3501 agebat,
614 3424 650 3482 tu
664 3421 749 3483 nuda
762 3422 841 3483 facie
855 3441 929 3482 cum
941 3421 1044 3482 amico
1057 3421 1136 3499 agis.
1178 3422 1267 3497 Quod
1279 3424 1307 3482 si
1317 3422 1444 3483 vultum
1454 3424 1515 3485 ista
1525 3425 1685 3505 loquentis

483 3523 538 3582 aut
553 3519 718 3581 scribentis
738 3523 877 3580 cerneret
894 3518 1019 3597 aliquis,
1034 3519 1176 3580 fortassis
1194 3519 1382 3599 intelligeret
1395 3523 1560 3585 saeuitiam
1576 3526 1683 3588 verbo

481 3638 553 3680 rum
575 3638 676 3680 meros
697 3637 763 3679 esse
783 3618 881 3680 lusus
926 3617 1019 3678 Nunc
1034 3617 1132 3678 lector
1152 3618 1280 3680 vultum
1300 3620 1466 3681 scribentis
1487 3641 1551 3681 non
1573 3626 1682 3699 cernit,

423 3737 470 3790 ²⁵5
482 3718 627 3778 animum
641 3735 679 3776 ex
692 3715 798 3777 verbis
811 3715 965 3777 aestimat.

523 3814 585 3874 Sed
605 3815 681 3875 haec
701 3814 797 3876 alias:
822 3834 907 3875 nunc
929 3812 1079 3891 epistolae
1100 3817 1173 3875 tuae
1197 3815 1310 3876 seriem
1334 3836 1510 3894 persequar.
1565 3820 1634 3895 Ais,
1657 3822 1685 3880 si

483 3911 565 3971 mihi
586 3912 697 3974 fuisset
721 3914 890 3991 integrum,
916 3931 1084 3973 suasurum
1107 3912 1203 3974 fuae
1226 3916 1258 3973 te
1281 3916 1317 3974 vt
1345 3915 1580 3979 dissimularem
1607 3920 1683 3996 quid

483 4008 584 4070 Faber
604 4011 638 4070 in
659 4030 711 4071 me
730 4011 924 4089 scripsisset:
945 4030 1019 4071 oum
1038 4009 1073 4069 in
1093 4010 1152 4070 hac
1172 4011 1281 4072 eadem
1301 4011 1432 4088 epistola
1452 4013 1579 4075 fatearis
1599 4017 1685 4092 te,ai

482 4127 533 4169 res
551 4129 608 4185 pro
627 4109 693 4169 tuis
711 4109 822 4170 rostris
837 4112 987 4187 ageretur,
1003 4127 1068 4169 non
1087 4108 1308 4187 adempturum
1329 4110 1410 4170 mihi
1424 4112 1548 4173 dicendi
1561 4134 1620 4191 pro
1634 4135 1684 4176 me

424 4213 471 4265 2⁶0
482 4205 674 4283 facultmm,
686 4207 740 4268 sed
754 4206 931 4285 clepsydras
940 4209 1102 4283 pauciores
1111 4206 1302 4269 inlusurum.
1330 4208 1401 4269 Hoc
1412 4209 1580 4273 consilium
1594 4214 1685 4292 quale

481 4303 626 4365 futurum
640 4304 743 4380 fuerit,
759 4303 985 4383 inpraesentia
1003 4324 1068 4366 non
1089 4304 1236 4383 expendo.
1282 4305 1368 4366 Illud
1384 4307 1485 4368 habeo
1504 4313 1686 4388 compertis·

482 4402 610 4479 simum,
630 4402 769 4463 eruditos
788 4403 949 4481 quosdam,
970 4422 1072 4481 neque
1087 4404 1239 4481 postremi
1260 4403 1398 4465 nominis
1417 4407 1510 4481 viros,
1527 4407 1610 4470 lecta
1630 4409 1686 4470 illa

481 4499 577 4562 Fabri
589 4501 795 4562 insectatione
808 4500 890 4561 mihi
903 4500 1051 4562 nonnihil
1069 4500 1233 4576 timuisse;
1253 4502 1308 4580 qui
1324 4503 1421 4563 iidem
1438 4504 1561 4582 prodita
1578 4510 1686 4568 nostra

481 4597 637 4676 Apologia
650 4601 772 4659 metum
786 4617 912 4660 omnem
925 4602 1107 4677 posuerunt,
1122 4618 1271 4677 meaeque
1285 4600 1483 4662 innocentiae
1496 4607 1572 4664 aunt
1582 4609 1686 4682 gratu·

422 4696 468 4763 ²⁶5
481 4696 548 4757 lati.
592 4697 732 4772 Quotam
744 4700 851 4758 autem
864 4716 1009 4775 quenque
1020 4696 1167 4758 futurum
1179 4698 1276 4760 fuisse
1290 4718 1406 4774 censes,
1418 4701 1474 4778 qui
1488 4720 1568 4778 quae
1584 4703 1684 4766 Faber

964 4814 1022 4876 938.
1039 4813 1194 4863 aimulaaH.

515 4919 572 4967 999.
590 4906 1024 5021 Ιιιιιιοιοιοιοὲῦἰ.Ερ.8ιο.6ι-4
1142 4922 1199 4969 959.
1216 4907 1515 4972 Ιιιιοιιιιοιιι]898.83.

515 4985 572 5032 944.
589 4971 725 5037 Platonis]
764 4972 778 5021 i
801 4972 876 5035 Diog
891 4972 982 5022 Laert.
995 4975 1020 5023 6.
1033 4987 1057 5023 a.
1141 4976 1197 5035 assa
1216 4974 1330 5038 Aia]cf
1344 4975 1392 5038 Ep
1406 4976 1463 5025 810.
1480 4990 1552 5036 79-4.

483 5037 525 5086 96.
1140 5040 1198 5101 958.
1214 5038 1336 5104 6899ιί9]
1348 5040 1388 5091 (tf.
1401 5039 1450 5104 Ep.
1463 5040 1519 5091 8ιοι
1532 5056 1625 5106 315-9.
