3867 6034
487 715 529 777 eo
838 716 1028 779 nummus
1055 717 1109 780 or
1137 716 1338 780 nsssuus
1592 708 1686 792 [151⁷

521 871 578 921 The
589 871 723 921 Bodleian
734 871 784 921 hes
800 886 817 920 a
831 870 934 921 vellum
950 885 1018 934 copy
1029 870 1122 934 (Aroh.
1136 869 1214 920 Bodl.
1228 869 1260 920 D.
1271 870 1343 919 subt.
1357 868 1398 931 15)
1411 867 1442 917 oi
1450 866 1588 916 Linecre's
1600 867 1688 916 tranr-

489 937 576 987 lction
587 937 618 986 ol
625 936 734 987 Galsn’s
745 940 779 985 De
791 940 984 996 reassumendo
997 934 1178 1001 (Cambridge,
1190 935 1216 985 J.
1229 934 1348 997 siberch,
1364 934 1448 999 1521).
1460 932 1551 981 which
1562 932 1687 981 'lhmstcll

487 1002 632 1065 presented
646 1004 676 1051 to
693 1001 871 1065 Sparoheford
888 1003 919 1052 in
937 1016 1011 1063 1530.
1044 1001 1088 1051 An
1106 1001 1201 1050 ersaed
1211 1016 1260 1050 ms
1275 1000 1437 1061 inscription
1449 1000 1478 1047 at
1488 999 1536 1046 the
1548 995 1602 1046 sud
1613 998 1688 1060 gives

489 1069 539 1117 the
550 1069 613 1118 dats
623 1067 653 1117 oi
660 1066 862 1130 spnchetord's
872 1066 978 1131 death]

645 1198 717 1248 Diis
737 1198 893 1247 maritvs
916 1196 1166 1248 aomonauvs
1188 1196 1341 1247 mosano
1363 1195 1427 1244 SVO
1449 1194 1476 1246 S.
1493 1194 1526 1241 D.

531 1320 562 1379 N
562 1338 602 1380 ou
616 1339 652 1380 eo
669 1319 853 1397 scripseram
867 1321 906 1381 de
919 1320 1039 1382 Ioanne
1052 1341 1122 1382 meo
1139 1324 1176 1381 vt
1189 1319 1281 1382 illum
1299 1316 1464 1379 Tunstallo
1478 1316 1686 1389 obtruderem,

490 1416 544 1477 sed
558 1420 595 1478 vt
607 1418 732 1495 gratum
749 1416 890 1494 facerem,
907 1419 934 1479 si
954 1419 1014 1480 hoc
1032 1416 1082 1479 illi
1100 1417 1211 1479 fuisset
1229 1416 1322 1478 cordi.
1365 1415 1520 1477 Animum
1541 1432 1615 1491 erga
1636 1434 1687 1475 me

491 1520 583 1576 tuum
610 1518 675 1575 tam
710 1519 869 1578 amantem
897 1538 932 1578 ac
964 1536 1157 1595 propensum
1189 1515 1359 1593 amplector
1390 1516 1483 1591 atque
1517 1511 1687 1573 exosculor.

492 1612 599 1691 Perge,
619 1613 666 1673 mi
684 1613 815 1675 Ricarde
838 1615 1027 1691 charissime,
1048 1613 1226 1693 purissimis
1245 1612 1386 1674 moribus
1406 1630 1501 1690 puras
1520 1610 1689 1688 adiungere

463 1710 603 1788 5literus,
621 1711 746 1788 quando
759 1713 793 1774 in
807 1713 866 1774 hoe
881 1734 948 1793 esse
960 1717 994 1774 te
1007 1713 1108 1775 video.
1150 1713 1237 1774 Bene
1250 1712 1327 1773 vale.

532 1808 787 1886 Louaniipridie
805 1808 932 1872 calend.
950 1811 1108 1889 Septemb.
1123 1813 1218 1873 Anno
1232 1828 1384 1871 summ.

773 2008 846 2070 645.
891 2003 940 2068 To
962 2006 1107 2071 cremo
1130 2006 1404 2074 Grunnunaumt

527 2139 697 2214 Nouiomagi
710 2139 842 2212 Epistola
853 2142 899 2198 tit.
912 2143 1002 2212 v⁰(c).
1459 2138 1592 2195 Louvain.

528 2228 557 2283 F.
570 2248 597 2300 p.
610 2241 679 2298 473:
698 2228 768 2285 HN:
788 2229 877 2285 lond.
891 2229 940 2285 xii.
955 2246 989 2300 9:
1009 2229 1064 2285 ΕΒ.
1078 2232 1139 2287 266.
1406 2243 1437 2297 31
1451 2228 1563 2299 August
1577 2238 1653 2296 1517.

525 2348 563 2413 [Δ
573 2350 796 2413 commendatory
812 2352 894 2401 letter
907 2350 1019 2414 printed
1035 2351 1104 2401 with
1119 2354 1223 2411 &istola
1241 2354 1340 2400 omrai
1353 2353 1495 2409 Nouiomepi
1508 2353 1537 2396 de
1552 2335 1690 2406 mumma·

492 2418 598 2474 inuras
612 2419 769 2465 ulamma·
780 2420 898 2477 princpes
909 2421 1016 2477 riuum
1032 2422 1060 2465 oo
1072 2421 1221 2479 Βωμηαεα,
1234 2421 1295 2466 oecis
1309 2422 1330 2466 s
1344 2420 1476 2474 commas
1486 2418 1599 2463 musice
1611 2416 1691 2462 iras-

492 2609 645 2659 Duurstede
657 2561 692 2661 oh
705 2562 751 2661 tlhe
764 2563 827 2675 heli,
838 2548 998 2677 mulges}
1003 2629 1026 2675 7,
1036 2563 1091 2664 :rid
1100 2548 1465 2665 deogrioffthoeooromgffics
1473 2611 1503 2661 oi
1510 2611 1558 2660 the
1564 2557 1691 2672 Βίιγὴορζ

490 2677 572 2736 entry
583 2676 642 2724 into
653 2676 770 2726 Utrecht
784 2692 862 2740 19-22
873 2679 943 2740 lisy.

523 2740 581 2789 'l'he
593 2742 657 2791 date
667 2743 692 2791 is
702 2743 850 2792 confirmed
862 2744 897 2805 by
908 2744 958 2793 the
968 2745 1095 2794 mention
1106 2744 1135 2794 oi
1141 2744 1190 2794 the
1203 2747 1296 2803 Οιωνσῖα
1307 2747 1384 2806 Pacis,
1398 2757 1441 2793 see
1452 2757 1497 2805 pp.
1512 2756 1549 2804 13,
1562 2738 1600 2803 4.]

581 2888 737 2937 Eassuvs
759 2890 1011 2940 ROTEBODAMVS
1033 2890 1193 2940 GERARDO
1214 2891 1416 2941 Novioaisuo
1439 2889 1501 2938 SVO
1524 2890 1550 2939 S.
1570 2889 1604 2936 D.

532 3011 721 3072 Crinisum
745 3012 895 3090 principis
915 3012 1057 3091 Philippi
1074 3032 1093 3073 a
1108 3014 1290 3090 Burgondis
1306 3012 1465 3075 Praesth
1482 3010 1689 3084 Vltrsieoiini,

491 3109 540 3168 tui
560 3108 750 3170 Moecenatis
765 3114 806 3184 et,
825 3111 888 3172 nisi
908 3111 1040 3183 inuides,
1056 3111 1138 3172 mihi
1158 3116 1263 3173 tecum
1279 3110 1466 3184 communis,
1482 3109 1691 3187 inauguratio-

492 3227 565 3267 nem
579 3207 656 3267 adeo
669 3208 816 3285 graphice
828 3209 1051 3286 perspicueque
1065 3209 1241 3286 depinxisti,
1257 3213 1293 3270 vt
1306 3208 1412 3270 minus
1425 3206 1552 3268 visurus
1565 3207 1688 3279 fuerim,

491 3303 599 3382 siipse
613 3306 738 3383 pompis
758 3307 905 3367 omnibus
926 3307 1151 3367 interfuissem.
1193 3306 1373 3384 Perplacuit
1394 3307 1501 3367 autem
1519 3304 1602 3383 quod
1623 3324 1691 3365 rem

464 3401 640 3464 thistories
659 3402 722 3464 fide
739 3406 941 3482 persequeris,
964 3424 1052 3466 secus
1071 3424 1165 3483 qusm
1183 3403 1298 3481 vulgus
1316 3404 1506 3481 scriptorum
1521 3402 1597 3462 fecit
1607 3423 1616 3477 3
1636 3403 1692 3481 qui

492 3501 527 3561 in
548 3499 732 3562 huiusmodi
748 3503 943 3580 argumentis
964 3502 1068 3563 multa
1091 3502 1194 3563 solent
1212 3505 1374 3579 ἐπιμετρεῖν,
1392 3500 1451 3561 hoo
1468 3502 1517 3560 est
1535 3498 1690 3575 admetiri,

491 3616 531 3659 ne
545 3598 647 3660 dicam
659 3598 839 3661 admentiri.
876 3603 930 3662 An
944 3598 1093 3678 gmtulsri
1107 3599 1236 3660 debeam
1250 3598 1406 3676 Philippo,
1420 3597 1564 3657 nondum
1577 3599 1691 3671 statui3

491 3697 590 3774 quiet
604 3697 678 3757 ante
691 3700 872 3776 susceptum
893 3698 1048 3760 honorem
1065 3696 1162 3758 istum
1177 3696 1244 3758 suis
1258 3695 1358 3774 ipsius
1376 3694 1501 3756 dotibus
1515 3698 1581 3755 erat
1594 3698 1691 3757 maxi·

491 3812 575 3868 mus,
602 3797 634 3854 et
660 3794 738 3856 adeo
769 3813 835 3856 non
862 3794 975 3856 ambiit
1003 3799 1038 3857 vt
1065 3797 1265 3856 recusaturus
1291 3793 1396 3870 fuerit,
1426 3793 1462 3854 ni
1486 3793 1547 3853 hoo
1573 3795 1692 3871 patrico

449 3900 480 3937 ¹0
492 3890 665 3951 commodis
690 3893 723 3952 et
750 3893 853 3954 Caroli
880 3893 1039 3971 Principis
1067 3893 1230 3954 affectibus
1260 3893 1404 3954 dedisset
1459 3891 1561 3952 Certe·
1576 3891 1692 3955 diocesi

492 3987 632 4065 gratulor
651 3988 703 4064 (ad
723 3991 812 4052 ouius
832 3992 1088 4053 communionem
1108 3994 1140 4051 et
1163 3992 1231 4069 ipse
1254 3990 1417 4068 pertineo),
1443 3988 1494 4050 oui
1521 3991 1596 4050 talis
1619 4010 1691 4052 con·

491 4084 599 4162 tigerit
618 4087 650 4145 et
668 4086 818 4167 Princeps
836 4092 868 4150 et
889 4090 1070 4168 Episcopus,
1088 4089 1142 4166 qui
1155 4108 1212 4166 pro
1230 4087 1381 4165 singulari
1396 4087 1563 4166 prudentie
1575 4107 1693 4168 proque

490 4200 616 4245 summa
638 4203 764 4247 morum
788 4186 969 4265 integritate
986 4188 1081 4250 iuxta
1107 4206 1225 4248 munus
1247 4189 1416 4264 utrumqne
1435 4186 1478 4246 sit
1498 4184 1691 4263 expleturus.

490 4277 529 4341 Id
543 4284 580 4345 vt
593 4281 748 4345 confidam
762 4284 837 4362 fore,
851 4304 915 4346 non
926 4285 1030 4347 solum
1044 4285 1144 4364 ipsius
1154 4288 1266 4346 nature
1279 4284 1355 4345 facit
1365 4283 1447 4344 nihil
1458 4303 1521 4345 non
1532 4284 1691 4362 egregium

445 4378 650 4458 ¹spollieens,
665 4400 776 4443 verum
789 4382 885 4444 etism
898 4387 987 4461 pater
999 4383 1168 4462 Philippus
1183 4382 1382 4460 Burgondiee
1396 4381 1468 4456 dux,
1484 4401 1546 4459 quo
1560 4382 1693 4445 saeculis

490 4476 609 4558 aliquot
624 4479 733 4542 nullus
750 4481 883 4561 contigit
903 4482 979 4542 huic
999 4482 1119 4559 regioni
1137 4481 1288 4558 Princeps
1306 4479 1464 4555 laudatior,
1486 4482 1554 4541 siue
1574 4484 1693 4560 spectes

490 4592 562 4637 vere
582 4578 700 4656 regiam
724 4578 824 4641 animi
845 4580 1099 4658 magnitudinem
1123 4580 1190 4640 siue
1214 4598 1318 4640 raram
1342 4578 1502 4657 quandam
1522 4600 1596 4659 erge
1619 4599 1693 4641 suos

490 4670 674 4736 charitatem
688 4676 757 4737 siue
770 4677 855 4755 pacis
867 4677 999 4739 alendae
1012 4677 1155 4739 studium
1169 4677 1237 4738 siue
1252 4696 1377 4739 morum
1391 4677 1572 4740 comitatem
1587 4681 1689 4758 atque,

523 4829 580 4878 644.
595 4843 616 4877 1.
629 4834 728 4881 coDF:
744 4846 793 4894 ego
808 4835 838 4882 Ε.
896 4835 922 4882 6.
935 4833 1148 4883 huncum
1158 4836 1214 4883 odd.
1228 4836 1261 4882 H.
1322 4832 1692 4884 o45.1.vltretrsiectinir.

426 4996 429 5002 ·
522 4976 579 5027 ou.
600 4992 623 5029 1.
639 4978 754 5044 Ioanne]
766 4979 869 5042 smith,
881 4982 943 5032 who
953 4995 1010 5033 wer
1020 4995 1083 5032 now
1094 4982 1205 5047 secking
1217 4980 1333 5046 English
1343 4983 1445 5034 service
1457 5000 1465 5045 ;
1481 4982 1516 5035 ci.
1529 4984 1578 5048 Ep.
1592 4984 1651 5045 829.
