3867 6034
390 691 450 751 814
741 689 930 751 LETTERS
958 688 1014 750 OF
1039 688 1241 753 undenus
1496 688 1591 773 [1518

390 846 596 922 Hieronymo.
638 846 716 923 Age,
739 845 788 906 vel
810 844 890 906 illud
910 846 994 908 mibi
1014 848 1197 925 respondeat
1217 867 1345 909 seuerus
1366 848 1427 909 iste
1448 847 1591 922 monitor,

391 945 509 1006 Vtrum
519 944 693 1022 optandum
707 946 755 1005 est
765 943 923 1005 Ecclesiae
933 944 1002 1018 Dei,
1012 947 1049 1005 vt
1061 964 1166 1007 saonae
1179 945 1357 1024 Scriptum
1370 945 1469 1007 libros
1484 945 1593 1007 babeat

392 1060 487 1119 quam
505 1041 777 1102 emendatissimos
794 1061 836 1102 an
853 1044 942 1102 non‘?
976 1040 1013 1102 si
1026 1042 1145 1104 fatetur
1158 1043 1339 1121 optandum,
1356 1042 1545 1123 respondeat
1555 1062 1593 1102 au

391 1138 525 1200 fateatur
533 1138 645 1199 ootidie
652 1139 755 1201 varias
762 1138 1118 1203 mendusineosinuehi
1125 1139 1593 1221 velinsoitiasastigatorumvel

348 1242 381 1292 60
393 1236 584 1314 negligentia
601 1237 783 1299 scribarum.
817 1238 907 1313 Quod
926 1238 955 1298 si
973 1257 1038 1298 non
1057 1241 1162 1317 potest
1175 1237 1316 1315 inficiari,
1331 1260 1389 1301 our
1401 1259 1468 1301 non
1482 1237 1593 1316 ample

393 1336 489 1397 utitur
497 1336 556 1396 hoo
565 1355 672 1396 meum
679 1336 831 1410 studium,
841 1336 925 1414 quod
934 1336 1080 1398 omnium
1090 1337 1226 1398 maxime
1233 1339 1272 1398 ad
1281 1358 1351 1400 eam
1360 1358 1429 1399 rem
1438 1336 1592 1409 oonduoit,

392 1432 462 1495 siue
474 1437 510 1493 vt
522 1434 731 1495 emendentur
745 1434 914 1512 deprauata
931 1435 999 1497 siue
1017 1454 1058 1496 ne
1075 1435 1286 1513 deprsuentur
1299 1456 1377 1513 quae
1397 1438 1485 1497 reota
1499 1435 1594 1496 srmtl

394 1530 645 1609 quandoquidem
664 1531 771 1609 negari
791 1551 855 1594 non
873 1535 977 1611 potest
995 1552 1062 1594 esse
1079 1534 1232 1612 quaedam
1251 1533 1285 1594 in
1299 1532 1456 1611 plerisque
1470 1531 1594 1602 nostris,

393 1630 459 1690 imo
486 1628 521 1689 in
549 1629 698 1691 omnibus
723 1630 830 1705 ferme,
854 1631 1023 1709 deprauata
1045 1630 1213 1693 oodioibus.
1265 1631 1385 1692 Deinde
1409 1629 1595 1709 respondeat

349 1734 381 1798 ⁶5
394 1730 502 1789 ytrum
531 1727 644 1788 referet
667 1747 770 1789 saoras
794 1726 903 1789 literas
926 1731 1010 1790 reete
1034 1728 1172 1807 intelligi
1197 1749 1239 1790 an
1268 1748 1341 1790 non.
1388 1728 1424 1789 Si
1446 1726 1596 1788 fatebitur

394 1824 517 1899 referre,
539 1845 595 1885 our
613 1824 743 1885 damnat
762 1824 903 1885 studium
921 1829 1077 1898 nostrum,
1098 1846 1160 1905 quo
1179 1829 1227 1887 tot
1243 1828 1311 1887 loca
1327 1829 1404 1887 sunt
1421 1824 1594 1902 explanata.

395 1941 473 2000 quae
496 1941 553 1983 neo
574 1922 642 1997 iste,
669 1922 875 2000 quantumuis
899 1924 1020 1998 doetus,
1045 1922 1199 1986 haetenus
1221 1923 1403 1985 intellexit?
1452 1921 1595 1999 Perlegat

395 2040 475 2098 opus
486 2023 519 2080 et
532 2024 633 2098 neget,
649 2022 678 2081 si
691 2022 805 2097 potest,
820 2020 904 2098 quod
919 2021 988 2083 dioo
1001 2041 1112 2083 verum
1122 2042 1198 2083 esse.

437 2138 465 2194 3.
487 2118 546 2178 Ait
559 2117 680 2179 multos
693 2120 821 2179 oonstos
833 2118 1014 2181 subuertere
1027 2123 1061 2181 st
1073 2119 1196 2181 abolere
1216 2120 1378 2199 vulgatam
1398 2119 1595 2190 seditionem,

353 2239 384 2290 70
396 2216 476 2278 alios
489 2220 525 2277 vt
539 2220 687 2278 ornatum
702 2216 858 2277 sermonis
871 2217 1031 2293 adderent,
1048 2217 1126 2279 alios
1139 2222 1175 2279 vt
1188 2218 1358 2280 falsitatem
1376 2217 1596 2290 exoluderent;

395 2314 843 2377 sedomnesfruutraoonetos.
878 2315 1227 2394 Nonpudethominem
1235 2314 1421 2378 manifestae
1429 2315 1597 2377 vanitatis?

396 2413 541 2474 Proferat
560 2433 660 2475 vnum
680 2413 735 2491 qui
756 2413 815 2473 hoo
836 2417 966 2475 oonstus
984 2414 1035 2491 sit,
1052 2414 1116 2475 nisi
1135 2415 1214 2477 forte
1236 2415 1373 2476 Februm
1391 2434 1494 2476 vnum
1511 2412 1598 2474 nobis

398 2511 532 2572 obiioiet.

439 2628 468 2681 4.
490 2608 606 2670 Scribit
619 2608 703 2669 inter
716 2612 764 2670 tot
778 2608 864 2671 vinos
877 2609 990 2671 latine
1004 2612 1180 2689 Graeoeque
1196 2632 1318 2688 gnaros,
1334 2611 1450 2689 quibus
1462 2608 1598 2671 abundat

355 2726 385 2779 7⁵
399 2707 534 2781 Lutetia,
560 2706 737 2781 Germania,
760 2708 890 2788 Anglia,
911 2708 1023 2784 Boetia,
1051 2710 1212 2772 neminem
1234 2730 1346 2772 susum
1371 2708 1404 2768 id
1427 2710 1600 2780 attentam

398 2824 472 2866 oum
498 2824 599 2883 nuper
624 2805 656 2865 id
681 2825 777 2866 ausus
801 2807 844 2867 sit
868 2806 975 2882 Faber,
1001 2812 1142 2870 nostram
1166 2808 1248 2870 hano
1271 2807 1460 2869 seditionem
1484 2805 1598 2885 passim

398 2904 559 2963 inoessens
572 2923 607 2963 so
620 2923 748 2964 vexans

441 3015 468 3075 5.
493 3001 571 3076 Quis
584 3004 690 3062 autem
702 3022 766 3062 non
781 3001 931 3079 intelligit
943 3003 1049 3082 palam
1063 3024 1129 3065 esse
1142 3004 1267 3079 falsum,
1283 3003 1318 3063 in
1338 3003 1424 3064 hisee
1441 3002 1520 3064 loois
1535 3021 1599 3063 esse

399 3102 466 3159 tam
477 3098 595 3158 multos
605 3098 660 3177 qui
672 3099 788 3159 Grseoe
798 3119 833 3159 ao
847 3099 957 3160 latine
971 3101 1132 3163 calleant?
1159 3101 1342 3180 praesertim
1353 3101 1389 3161 in
1403 3100 1515 3174 Sootia,
1530 3117 1600 3160 oum

355 3209 388 3256 8ο
400 3195 671 3258 Iuliamtaeuerit.
695 3197 744 3257 Ex
752 3217 814 3275 quo
823 3197 904 3257 mihi
912 3199 1048 3275 suspicio
1056 3200 1216 3261 suboritur
1223 3199 1598 3260 hominemSootumesse

442 3299 469 3355 6.
495 3295 565 3356 Iam
579 3295 654 3374 quid
669 3295 799 3356 strrltius
812 3296 871 3356 hae
884 3300 1180 3374 argumentatione?
1221 3298 1376 3359 ‘Plurimi
1386 3300 1464 3357 sunt
1474 3296 1601 3357 Parisiis

400 3393 485 3455 dooti
498 3393 533 3455 in
547 3393 766 3472 philosophia;
789 3393 878 3455 nolas
891 3394 991 3472 igitur
1004 3396 1078 3456 huie
1092 3400 1147 3457 aut
1165 3395 1214 3456 illi
1232 3397 1400 3474 quiequam
1421 3394 1551 3473 aggredi
1568 3394 1601 3455 in

399 3490 601 3571 philosophis
628 3493 770 3553 nouum’
810 3492 855 3552 Vt
882 3493 1002 3553 multae
1029 3495 1187 3572 myriades
1212 3494 1286 3566 sint,
1314 3513 1397 3555 vnus
1424 3492 1602 3570 auspicetur

400 3610 524 3652 neeesse
546 3595 604 3651 est.
649 3590 692 3651 Et
713 3593 821 3650 tamen
844 3590 928 3651 inter
951 3591 1011 3652 hos
1035 3593 1154 3653 multos
1176 3593 1287 3670 opinor
1309 3609 1361 3651 me
1383 3611 1450 3653 non
1472 3590 1602 3652 omnino

357 3699 387 3761 85
400 3692 598 3768 postremum
612 3708 688 3764 esse,
703 3688 786 3766 quod
801 3688 840 3749 ad
854 3689 1019 3768 utriusque
1032 3690 1159 3767 linguae
1172 3690 1383 3767 cognitionem
1396 3688 1521 3750 attinet

401 3792 404 3800 '
443 3805 470 3861 7.
493 3788 552 3848 Ait
561 3786 771 3848 Laurentium
782 3787 878 3847 huius
888 3787 965 3848 mali
975 3792 1067 3866 eaput
1077 3808 1158 3849 esse:
1174 3788 1263 3866 quasi
1272 3786 1327 3847 ille
1336 3787 1466 3848 verterit
1476 3786 1603 3847 Nouum

401 3885 650 3959 Testamentum,
665 3887 720 3945 eut
735 3884 826 3963 quasi
840 3904 905 3945 non
919 3889 993 3946 ante
1006 3886 1093 3947 huno
1106 3886 1190 3947 idem
1204 3885 1312 3946 feeerit
1328 3883 1555 3962 Hieronymus.

444 3988 471 4042 8.
495 3982 615 4043 Deinde
635 3981 820 4043 stultissime
836 3984 1051 4044 stomachetur
1069 4003 1128 4044 nos
1146 3984 1242 4044 verba
1259 3982 1375 4045 Christi
1394 3983 1534 4061 redigere
1546 3979 1605 4043 sub

402 4081 526 4159 regulas
541 4081 673 4142 Donati:
688 4080 818 4157 perinde
831 4081 921 4159 quasi
935 4081 1081 4144 Christus
1095 4081 1139 4142 sio
1153 4081 1276 4142 loeutus
1290 4082 1332 4141 sit
1341 4079 1605 4158 quemadmodum

357 4205 390 4256 90
402 4179 454 4239 hio
476 4180 573 4241 vertit
592 4180 755 4257 interpres.
800 4179 872 4241 Imo
893 4199 965 4239 oum
987 4182 1108 4241 oonstet
1124 4179 1293 4257 Apostolos
1312 4181 1428 4241 Graeoe
1445 4177 1605 4255 scripsisse

402 4278 458 4339 sed
477 4298 590 4355 perum
609 4278 780 4353 emendate,
800 4297 842 4338 ne
859 4277 986 4339 literam
1004 4279 1132 4356 quidem
1151 4282 1257 4339 tamen
1275 4279 1309 4338 in
1327 4277 1443 4337 horum
1464 4294 1606 4337 sermone

403 4376 607 4452 mutauimus,
623 4379 750 4436 tantum
764 4376 854 4437 abest
863 4381 899 4437 vt
910 4377 1006 4437 verba
1015 4376 1134 4438 Christi
1149 4376 1284 4436 velimus
1298 4375 1357 4436 sub
1371 4375 1456 4452 leges
1468 4375 1604 4435 mittere.

446 4494 474 4549 9.
497 4471 683 4535 Ridiculum
703 4477 735 4533 et
755 4473 844 4548 illud,
866 4475 949 4552 quod
962 4473 1113 4552 loquendi
1127 4474 1251 4552 regulas
1265 4472 1355 4535 nobis
1367 4471 1498 4535 tribuit:
1520 4472 1607 4551 quusi

404 4593 463 4633 nos
483 4572 584 4633 simus
603 4570 714 4633 Latine
733 4571 884 4650 loquendi
902 4574 1036 4648 autores,
1058 4592 1093 4632 ao
1111 4592 1178 4632 non
1192 4572 1297 4650 potius
1310 4570 1334 4630 ii
1348 4571 1402 4648 qui
1415 4571 1607 4648 seripserunt

359 4696 391 4749 95
403 4674 477 4730 ante
491 4674 626 4732 aetatem
639 4670 767 4732 Christi.

439 4868 478 4913 μ.
497 4853 625 4919 Fabrum]
638 4854 680 4905 cf.
694 4854 742 4917 Ep.
755 4868 812 4915 304.
825 4854 859 4915 89
872 4870 900 4905 n.
1032 4855 1080 4917 Ep.
1093 4869 1150 4916 597.
1162 4869 1195 4916 aa
1205 4870 1232 4903 n.

439 4921 479 4978 7⁶·
498 4919 596 4984 Faber]
610 4920 646 4969 In
659 4922 708 4970 the
718 4920 818 4970 seoond
833 4921 939 4970 edition
953 4920 984 4969 of
1065 4922 1105 4969 86.
1123 4916 1314 4981 Laurentium]
1326 4918 1421 4979 Valla;
1438 4919 1473 4968 ol.
1489 4919 1538 4981 Ep.
1554 4918 1605 4965 182.

405 4984 451 5034 bis
466 4985 658 5047 Commentary
669 5001 704 5035 on
723 4987 771 5036 the
786 4985 925 5049 Epistles;
946 4986 981 5035 of.
1100 4986 1192 5050 eaput]
1206 4987 1245 5037 cf.
1255 4986 1333 5048 Verg.
1347 4988 1408 5035 Ast.
1423 4998 1461 5034 11.
1473 4985 1532 5046 3⁶1·
