3867 6034
316 700 393 784 853]
657 703 711 766 uo
738 704 853 767 Jouu
880 706 935 767 aa
964 705 1171 768 ssuvsoa
1452 703 1513 765 am

314 880 420 922 comes
438 879 509 921 esse
528 861 680 937 recinant,
695 881 760 922 non
782 861 898 923 saltem
919 861 1037 923 crebris
1056 861 1160 922 literis
1182 859 1404 922 celsitudinem
1426 864 1514 921 tuam

316 957 509 1019 interuiaam.
566 955 634 1035 Ego
661 976 745 1032 vero,
775 958 804 1019 ei
833 958 914 1019 mihi
945 977 1130 1034 persuasum
1157 958 1290 1019 habeam
1316 957 1515 1036 prudentiam

314 1059 405 1116 tuam
431 1054 482 1115 vel
502 1054 685 1132 desyderare
704 1054 870 1116 literarum
894 1055 1032 1117 officium
1052 1055 1104 1117 vel
1125 1055 1306 1116 huiusmodi
1333 1054 1544 1131 vulgaribuss

314 1151 424 1214 officiis
446 1151 610 1212 aestimare
631 1151 755 1212 clientis
779 1153 813 1213 in
837 1156 868 1214 te
891 1155 1046 1230 animum,
1066 1153 1167 1214 nolim
1188 1154 1271 1214 mihi
1291 1153 1350 1213 hac
1370 1153 1405 1212 in
1424 1171 1516 1214 cauea

314 1250 413 1311 vllam
434 1249 640 1328 quantumuis
660 1249 778 1312 iustam
799 1252 1034 1314 excusationem
1054 1271 1123 1312 esee
1141 1250 1317 1329 praesidi03
1341 1248 1414 1311 licet
1435 1249 1515 1311 illud

315 1347 478 1410 venesime
498 1366 610 1425 queam
631 1347 740 1423 dicere,
763 1368 815 1409 me
835 1351 988 1411 hacteuus
1009 1368 1074 1410 non
1094 1349 1196 1411 leuius
1217 1348 1397 1410 districtum
1417 1348 1516 1410 fuisse

315 1446 493 1508 studiorum
516 1445 675 1506 laboribus
700 1464 794 1524 quam
816 1449 851 1507 tu
876 1447 958 1508 tanti
981 1447 1139 1526 Principis
1162 1451 1194 1508 et
1219 1466 1282 1507 uon
1308 1447 1404 1507 vuius
1428 1446 1515 1524 regni

314 1544 452 1621 negociis
480 1541 696 1621 distringaris:
728 1545 944 1606 etiamsinon
968 1564 1080 1622 negem
1101 1548 1132 1605 te
1159 1545 1282 1605 sarcina
1301 1543 1515 1622 splendidiore
1532 1561 1562 1597 ιο

314 1641 424 1720 premi,
448 1642 591 1718 grauiore
615 1661 679 1702 non
702 1642 844 1717 arbitror,
870 1646 908 1704 rt
934 1643 1066 1704 interim
1094 1643 1226 1703 culicem
1253 1662 1326 1704 cum
1349 1641 1515 1720 elephanto

311 1759 507 1817 componam.
552 1738 644 1800 Nunc
658 1759 733 1801 vero
746 1759 819 1801 cum
833 1760 897 1802 non
910 1742 1053 1818 ignorem
1071 1744 1181 1818 pectus
1195 1741 1281 1801 istud
1298 1745 1399 1815 tuum,
1416 1739 1514 1802 heroi·

313 1858 387 1900 cum
415 1836 542 1915 quidem
567 1856 695 1914 prorsus
723 1842 756 1899 et
783 1839 912 1900 homine
936 1840 1040 1900 maius
1067 1839 1122 1899 sed
1151 1840 1259 1899 tamen
1282 1858 1391 1912 vnum,
1417 1837 1515 1900 tantia

315 1936 514 2015 negociorum
533 1936 670 1997 molibus
690 1937 828 2016 rudique
848 1937 977 2015 pulsari,
997 1957 1061 1998 uon
1083 1936 1145 1997 alia
1166 1937 1286 1998 ratione
1306 1936 1388 1997 mihi
1407 1934 1516 1998 videor

315 2037 348 2095 in
363 2038 395 2094 te
410 2033 573 2095 officiosior
591 2054 661 2095 esee
676 2054 769 2112 posse
786 2055 881 2113 quam
899 2037 927 2097 si
947 2035 1146 2097 salutationis
1168 2033 1267 2096 officio
1285 2035 1511 2111 mpemedem
1530 2070 1559 2120 15

315 2132 398 2207 Quin
413 2131 518 2192 modis
535 2132 684 2194 omnibus
703 2133 786 2194 mihi
799 2135 907 2195 videar
929 2134 1178 2195 iniurius-tum
1195 2132 1231 2193 iu
1247 2133 1366 2210 Regem
1379 2131 1515 2194 Oatholi·

312 2249 396 2303 oum,
422 2229 472 2289 cui
496 2229 583 2289 velut
609 2230 737 2291 Atlanti
761 2235 797 2292 tu
822 2231 971 2293 Herculis
995 2251 1029 2293 ee
1053 2233 1122 2293 vice
1147 2234 1212 2306 aut,
1235 2232 1264 2291 ei
1291 2229 1404 2304 mauis,
1427 2228 1516 2291 velut

315 2325 447 2387 Herculi
461 2326 618 2388 Theseum
629 2331 784 2407 praestae;
806 2334 877 2391 tum
892 2330 927 2390 in
939 2330 1120 2391 vniuersam
1130 2327 1345 2405 potentissimi
1355 2325 1515 2406 Principia

314 2425 478 2498 ditionem,
495 2425 585 2486 cuiue
598 2425 746 2487 iuuandis
760 2426 854 2487 rebus
868 2446 1018 2504 superum
1032 2426 1227 2504 benignitate
1238 2427 1374 2487 donatus
1386 2426 1513 2501 videris,

313 2522 383 2582 -si
406 2525 439 2581 te
459 2522 639 2599 frequenter
658 2523 739 2584 meis
758 2523 859 2585 literis
880 2523 1091 2601 interpellem,
1114 2524 1303 2601 praesertim
1326 2522 1409 2582 nihil
1428 2521 1515 2584 aliud
1529 2538 1561 2574 20

313 2640 408 2698 quam
430 2621 574 2681 animum
593 2621 629 2681 in
650 2624 681 2682 te
701 2641 808 2682 meum
829 2623 1013 2684 testaturis:
1034 2641 1129 2701 quem
1148 2640 1206 2698 ego
1225 2638 1309 2694 eane,
1330 2621 1360 2680 si
1381 2619 1515 2681 facultas

314 2720 413 2780 animi
434 2719 541 2779 studio
564 2720 760 2796 respondeat,
785 2721 988 2783 solidioribus
1008 2721 1205 2799 argumentis
1232 2718 1343 2780 testari
1370 2718 1516 2798 cupiam;

313 2820 347 2877 et
362 2816 550 2894 opitulatore
570 2817 698 2879 Christo
717 2821 891 2880 testaturue
909 2839 983 2880 sum
1000 2819 1174 2897 aliquando,
1190 2818 1218 2878 si
1236 2817 1329 2878 modo
1346 2816 1381 2876 in
1399 2834 1515 2894 pauooa

315 2934 415 2976 anuos
429 2916 530 2976 vitam
544 2919 577 2975 et
589 2914 840 2978 incolumitatem
851 2919 957 2995 superi
971 2918 1103 2997 propicii
1117 2917 1301 2995 largiantur.

357 3011 447 3072 Nunc
475 3013 510 3072 iu
534 3012 593 3072 hoc
621 3013 758 3091 pistrino
782 3014 817 3075 in
845 3016 927 3093 quod
957 3019 1076 3076 memet
1103 3014 1229 3089 conieci,
1256 3012 1439 3074 molendum
1467 3015 1516 3075 eat
1529 3029 1559 3081 ²5

315 3129 443 3170 menses
467 3110 595 3187 aliquot,
617 3113 648 3171 et
671 3112 856 3173 mortarium
880 3115 962 3191 quod
986 3115 1052 3191 ipse
1069 3111 1192 3182 intriui,
1214 3110 1296 3172 mihi
1315 3110 1514 3171 credundum

313 3211 381 3269 est:
402 3228 459 3268 nec
485 3212 591 3269 tamen
613 3208 698 3271 aliud
726 3210 858 3271 interim
882 3230 939 3288 ago
965 3231 1062 3288 quam
1086 3210 1152 3287 agit
1177 3213 1232 3269 tua
1259 3207 1422 3282 celsitudo,
1448 3206 1515 3284 pari

312 3307 441 3383 quidem
462 3306 577 3380 studio,
593 3305 666 3367 licet
686 3308 801 3384 impari
822 3326 963 3368 successu
986 3327 1043 3368 nec
1063 3308 1130 3386 pari
1147 3306 1321 3383 splendore.
1366 3306 1414 3365 Tu
1427 3304 1516 3365 volut

314 3404 348 3465 in
369 3404 569 3464 celeberrimo
590 3405 687 3465 totius
709 3405 792 3465 orbis
812 3406 936 3466 theatro
955 3424 1082 3466 summo
1103 3423 1175 3465 cum
1197 3404 1341 3464 omnium
1361 3401 1515 3479 applausu

315 3521 453 3576 versans,
484 3500 643 3578 Principis
670 3503 738 3562 eius
768 3504 895 3581 negocia
924 3503 1097 3564 moderaris
1124 3522 1143 3563 a
1170 3501 1258 3562 cuius
1289 3502 1382 3578 genio
1409 3519 1514 3560 rerum
1528 3497 1560 3546 ³⁰

316 3602 526 3660 humanarum
546 3618 670 3660 summa
689 3601 890 3677 potissimum
914 3602 1050 3678 pendere
1070 3601 1202 3674 videtur,
1225 3600 1323 3660 etita
1344 3597 1514 3659 moderaris

315 3701 351 3757 vt
370 3715 443 3756 cum
465 3695 519 3756 illo
539 3696 786 3774 pulcherrimum
808 3699 963 3777 quoddam
989 3701 1146 3760 certamen
1171 3698 1344 3775 suscepisse
1368 3694 1512 3771 videaris,

316 3800 423 3855 vtrum
448 3813 529 3854 vnue
550 3794 606 3854 ille
630 3795 792 3872 syncerius
814 3798 920 3875 regnis
942 3801 1007 3859 tam
1031 3797 1144 3858 multis
1164 3815 1327 3858 summum
1348 3798 1437 3872 gerat
1457 3793 1514 3856 im·

316 3892 438 3969 perium
458 3911 499 3952 an
520 3895 555 3952 tu
577 3911 662 3954 vnua
680 3895 736 3954 vni
756 3896 976 3973 magistratum
999 3895 1241 3972 amplissimum.
1283 3893 1350 3971 Ego
1371 3891 1513 3953 inclusus

314 3996 346 4052 et
362 3992 447 4051 inter
463 3989 559 4050 libros
579 4011 726 4054 mussans
746 4012 802 4072 pro
822 4013 892 4055 mea
912 3994 998 4055 virili
1019 3993 1316 4054 honestissimorum
1337 3991 1515 4051 studiorum
1527 4007 1557 4058 ³5

316 4089 480 4164 negocium
501 4108 565 4165 ego,
586 4088 687 4149 nihilo
708 4091 810 4152 aecius
830 4090 957 4152 iuterim
978 4096 1011 4152 et
1033 4091 1191 4168 Principis
1210 4109 1306 4168 agens
1328 4088 1513 4166 negocium:

314 4188 366 4246 cui
380 4188 444 4246 scio
458 4185 541 4246 nihil
554 4205 622 4247 esse
636 4189 737 4265 magis
750 4188 784 4249 in
798 4190 882 4250 votis
898 4209 993 4267 quam
1007 4193 1043 4250 vt
1057 4189 1157 4266 ipsius
1170 4188 1319 4266 auspiciis
1334 4185 1514 4247 Christiana

316 4284 414 4362 pietas
424 4304 458 4344 ac
469 4285 604 4344 eruditio
616 4283 710 4362 digna
718 4285 907 4347 Christianis
917 4289 1019 4365 magis
1029 4305 1065 4347 ac
1075 4289 1175 4365 magis
1185 4287 1266 4365 apud
1278 4306 1335 4346 nos
1345 4283 1515 4344 efflorescat

314 4388 347 4443 et
357 4382 512 4443 latissime
522 4387 717 4461 propagetur.
760 4385 861 4462 Atqui
872 4384 951 4446 ditio
960 4385 1106 4446 fortassis
1116 4389 1221 4461 potest
1230 4384 1328 4445 armis
1340 4379 1515 4461 propagari,

315 4500 389 4540 vera
407 4480 516 4558 religio
536 4479 608 4540 aliis
629 4481 727 4559 copiis
745 4481 875 4561 aliisque
891 4483 1058 4561 praesidiis
1074 4483 1271 4562 propaganda
1288 4485 1346 4545 est.
1390 4481 1460 4541 Hac
1478 4479 1514 4539 in
1527 4502 1560 4551 40

315 4581 409 4655 parte,
431 4597 524 4654 quam
542 4599 600 4656 ego
621 4580 670 4640 vel
691 4581 871 4657 primariam
892 4599 959 4641 ease
977 4583 1063 4659 puto,
1079 4581 1107 4640 ei
1123 4600 1189 4641 nou
1209 4581 1312 4640 dicam
1329 4579 1440 4639 ducem
1458 4575 1514 4637 sed

315 4680 398 4737 certe
424 4680 600 4756 gregarium
629 4681 808 4758 quempiam
837 4680 971 4740 militem
997 4682 1129 4758 praesto,
1154 4698 1218 4740 non
1248 4698 1298 4738 me
1324 4675 1515 4754 poenituerit

316 4776 495 4838 decertasse.
540 4777 676 4838 Tantum
698 4798 752 4839 oro
770 4782 806 4840 vt
823 4779 1045 4839 communibus
1059 4778 1175 4837 nostris
1189 4777 1353 4838 conatibus
1367 4775 1514 4835 Christus

315 4874 385 4949 ilpt
413 4874 494 4935 Max.
514 4877 638 4952 sepiret.
683 4874 846 4954 Aspirabit
865 4880 981 4951 autem,
998 4877 1026 4937 si
1046 4896 1105 4936 nos
1124 4876 1265 4954 synceris
1282 4874 1398 4936 animis
1417 4872 1516 4948 illiue,

700 5005 723 5051 3.
741 4989 843 5055 cornea]
855 4989 893 5040 (li.
909 4989 956 5053 Ep.
969 4991 1019 5052 59⁶
1030 4988 1130 5040 introd.
