3867 6034
255 710 328 794 961]
589 714 643 774 ΤΟ
672 712 869 776 LORENZO
897 714 1121 779 OAMPEGIO
1394 718 1456 777 575

253 871 336 948 apud
357 873 511 949 quosdam
532 871 734 950 descriptum,
750 872 805 932 sed
825 871 923 933 variis
944 872 1056 933 titulis
1102 873 1236 949 Quidam
1257 874 1457 935 testabantur

254 970 390 1046 Hispani
411 970 584 1047 cuiuspiam
604 990 679 1041 esse,
700 970 754 1030 sed
776 989 942 1047 suppresso
964 971 1111 1045 nomine;
1136 992 1244 1032 rursus
1265 971 1320 1031 alii
1341 973 1456 1034 Fausto
1469 985 1502 1034 4ο

254 1072 363 1143 poetae
376 1067 565 1143 tribuebant,
578 1068 632 1128 alii
647 1067 844 1145 Hieronymo
858 1068 967 1131 Balbo.
999 1070 1066 1146 Ego
1080 1068 1155 1147 quid
1169 1069 1207 1129 de
1221 1070 1272 1130 his
1282 1071 1455 1131 coniectem

254 1185 318 1226 non
332 1166 441 1227 habeo.
486 1167 699 1227 Subodoratus
712 1186 785 1226 sum
799 1168 899 1245 quoad
909 1166 1009 1240 licuit,
1021 1187 1133 1228 verum
1149 1168 1292 1228 nondum
1306 1168 1456 1245 pemesti·

254 1267 326 1343 gaui
351 1266 433 1344 quod
454 1266 561 1326 animo
583 1285 653 1325 meo
675 1265 789 1326 faceret
809 1265 894 1326 satis.
939 1264 1087 1342 Desipuit
1108 1266 1250 1343 quisquis
1272 1268 1405 1344 scripsit,
1423 1270 1456 1327 at

253 1365 371 1425 maiore
385 1364 541 1442 supplicio
562 1364 677 1441 dignus
690 1363 831 1441 quisquis
848 1363 1017 1441 euulgauit
1061 1365 1110 1424 Ac
1129 1363 1226 1424 miror
1239 1384 1306 1425 eme
1319 1366 1375 1442 qui
1388 1364 1456 1425 solo

253 1463 321 1523 stili
334 1465 519 1540 argumento
533 1462 615 1522 mihi
628 1460 792 1522 obtrudere
805 1466 924 1540 parent,
939 1481 1012 1522 cum
1027 1482 1083 1522 uec
1101 1482 1172 1522 mea
1190 1462 1232 1522 sit
1247 1463 1377 1540 phrasis,
1393 1463 1455 1524 nisi
1468 1478 1500 1527 45

253 1581 380 1638 prorsus
394 1560 461 1639 ipse
475 1560 557 1620 mihi
571 1580 643 1620 sum
657 1560 804 1637 ignotus3
825 1580 883 1620 nec
901 1560 1020 1620 mirum
1035 1560 1077 1620 sit
1092 1562 1235 1621 futurum
1250 1561 1345 1621 etiam
1359 1560 1387 1620 si
1401 1561 1456 1639 qui

252 1661 288 1719 in
310 1660 452 1720 oratione
473 1658 622 1719 nonnihil
644 1657 795 1719 referrent
817 1660 1021 1735 Erasmicum,
1038 1678 1111 1719 cum
1125 1678 1231 1719 verser
1251 1659 1285 1719 in
1307 1660 1456 1719 menibus

254 1759 404 1831 omnium,
422 1761 455 1818 et
468 1758 634 1818 referimus
647 1757 712 1818 fere
725 1758 760 1817 in
774 1777 908 1835 quorum
922 1758 1048 1818 assidua
1062 1756 1195 1817 lectione
1206 1777 1377 1818 versamur.

293 1856 403 1934 Neque
419 1857 534 1918 desunt
547 1857 599 1916 hic
617 1857 672 1936 qui
685 1856 829 1918 iactitant
842 1862 931 1918 tuam
945 1877 1070 1935 quoque
1090 1858 1296 1917 reuerendam
1316 1856 1455 1917 domina·

252 1956 371 2016 tionem
385 1956 612 2032 propemodum
627 1956 661 2014 in
675 1975 744 2015 eam
754 1955 965 2033 suspicionem
978 1956 1144 2017 adductam
1158 1976 1233 2017 esse.
1271 1956 1359 2032 Quod
1374 1956 1456 2017 mihi
1470 1970 1502 2017 50

252 2057 336 2114 certe
359 2073 522 2131 nunquam
542 2053 789 2132 persuadebitur,
802 2055 900 2115 donec
921 2074 1104 2132 persuasum
1124 2056 1186 2115 erit
1205 2074 1268 2115 non
1285 2074 1351 2115 esse
1372 2075 1456 2116 vana

252 2172 331 2231 quae
345 2151 382 2211 de
396 2152 537 2213 doctrina
549 2152 779 2230 prudentiaque
791 2153 859 2213 eius
872 2154 1053 2213 admirabili
1067 2155 1184 2231 passim
1198 2173 1217 2214 a
1230 2155 1364 2214 summis
1377 2154 1456 2215 viris

251 2250 478 2327 praedicantur.
524 2250 631 2327 Neque
645 2251 813 2328 quicquam
830 2250 983 2312 addubito
1003 2251 1191 2330 quinetiam
1210 2253 1237 2312 si
1258 2252 1333 2330 quid
1353 2253 1454 2330 suspi-

252 2350 351 2409 cionis
364 2352 541 2425 occupasset
554 2348 698 2409 animum
708 2352 808 2422 tuum,
818 2349 909 2410 iacile
922 2350 985 2410 sim
996 2369 1192 2421 excussurus,
1203 2351 1230 2410 si
1243 2370 1348 2410 coram
1363 2351 1457 2411 detur

252 2449 386 2525 colloqui
398 2471 406 2523 ;
428 2449 460 2508 id
475 2448 557 2526 quod
568 2448 736 2525 aliquando
749 2448 855 2509 licebit
868 2447 994 2509 fauente
1005 2447 1138 2509 Christo.
1184 2448 1318 2508 Interim
1329 2448 1455 2509 obsecro
1468 2466 1499 2516 55

252 2547 401 2624 pietatem
417 2551 504 2607 tuam
518 2548 555 2605 vt
573 2546 632 2605 hoc
650 2544 710 2606 sibi
727 2547 920 2624 persuadeat,
935 2546 1108 2607 Erasmum
1128 2546 1311 2608 huiusmodi
1329 2546 1455 2607 libellos

252 2646 291 2705 ab
305 2645 376 2705 aliis
389 2646 580 2723 conscriptos
599 2647 631 2704 et
649 2644 805 2705 aedeudos
824 2645 1041 2723 suppressisse,
1058 2648 1183 2706 tantum
1198 2646 1287 2706 abest
1300 2648 1336 2705 vt
1349 2644 1455 2705 huius·

252 2744 338 2803 modi
363 2744 513 2821 quiddam
534 2743 601 2820 ipse
622 2743 672 2803 vel
704 2744 856 2804 cediderit
876 2743 928 2804 vel
948 2743 1111 2804 aediturus
1131 2743 1175 2805 sit
1195 2762 1344 2821 vnquam.
1390 2742 1455 2805 llec

252 2843 369 2903 mirum
384 2842 411 2902 si
424 2841 519 2901 isthic
534 2845 609 2901 sunt
623 2842 678 2919 qui
693 2842 731 2901 de
745 2861 796 2901 me
810 2842 1099 2915 taliamentiantur,
1110 2860 1183 2902 cum
1194 2841 1245 2902 hic
1259 2841 1299 2901 de
1312 2841 1454 2918 proximo

252 2960 316 3002 non
330 2940 445 3018 pudeat
460 2940 612 3018 quosdam
622 2940 853 3019 improbissime
864 2940 903 3000 de
913 2960 965 3001 me
976 2941 1116 3001 mentiri.
1145 2940 1300 3001 Omnibus
1309 2940 1454 3001 omnium
1467 2943 1500 2992 60

252 3037 465 3115 sycophantiis
489 3039 674 3115 respondere
699 3059 763 3100 non
791 3059 939 3117 possum
960 3040 1018 3100 hoc
1040 3039 1122 3118 quod
1150 3039 1184 3099 in
1212 3058 1264 3099 me
1284 3039 1382 3098 eitum
1406 3040 1455 3097 est

251 3136 421 3214 praestabo.
466 3137 500 3195 Si
520 3136 596 3213 quid
611 3138 694 3196 valet
713 3138 772 3197 hoo
791 3137 965 3215 ingenium,
982 3138 1009 3197 si
1026 3138 1102 3215 quid
1125 3138 1182 3196 hae
1197 3136 1314 3209 literae,
1331 3137 1360 3195 si
1379 3136 1453 3212 quid

251 3234 413 3308 industria,
432 3235 464 3295 id
489 3240 593 3295 totum
615 3234 740 3296 Christo
764 3238 797 3295 et
820 3235 909 3295 illius
929 3255 1061 3313 sponsae
1075 3234 1184 3295 vsibus
1206 3233 1368 3292 dicabitur.
1414 3232 1452 3291 ld

251 3334 296 3393 ita
308 3353 375 3393 esse
389 3353 422 3393 re
441 3333 509 3409 ipsa
522 3332 691 3410 comperiet
706 3334 742 3393 D.
754 3332 789 3393 Τ.
803 3333 850 3408 R,
867 3334 895 3392 si
916 3334 1040 3410 quando
1059 3333 1242 3409 dignabitur
1257 3333 1357 3391 facere
1376 3330 1454 3407 peri·

252 3432 368 3493 culum.
1466 3432 1498 3495 ⁶⁵

292 3530 384 3589 Mitto
400 3548 484 3588 nunc
498 3528 616 3589 librum
631 3529 764 3604 nudum,
779 3532 888 3606 vtpote
902 3535 1061 3591 recentem
1074 3529 1177 3590 adhuc
1192 3528 1231 3589 ab
1246 3528 1379 3601 officina,
1396 3547 1453 3587 nec

251 3632 317 3691 erat
330 3627 470 3704 spacium
485 3626 679 3701 adomendi3
701 3630 773 3703 post
787 3628 854 3688 dies
866 3627 987 3706 aliquot
1001 3628 1146 3688 mittetur
1155 3628 1234 3688 alter
1249 3626 1450 3686 connestitus

250 3725 522 3789 Reuerendissimo
542 3725 671 3786 domino
688 3725 848 3787 Cardinali
861 3726 1052 3787 Eboracensi
1072 3726 1260 3787 clientulum
1281 3724 1367 3784 huuc
1389 3743 1455 3784 non

250 3824 435 3906 grauabitur
460 3822 613 3883 celsitudo
640 3828 696 3884 tua
724 3825 956 3886 commendare:
987 3825 1037 3886 cui
1065 3825 1239 3902 scripturus
1266 3842 1359 3894 eram,
1391 3822 1454 3882 nisi

251 3923 381 3984 interim
397 3925 427 3980 et
442 3922 592 3981 volumen
612 3925 643 3981 et
661 3922 826 4000 epistolam
845 3923 927 3983 hanc
946 3928 1090 4001 putarem
1113 3923 1142 3983 ei
1162 3940 1361 3982 communem
1377 3922 1452 3980 fore.
1468 3928 1499 3982 70

250 4024 336 4085 Beue
350 4023 452 4083 valeat
467 4022 505 4081 Ε.
517 4022 553 4082 Β.
563 4021 600 4080 Τ.
611 4023 659 4096 Ι).,
676 4022 725 4081 cui
742 4043 792 4082 me
806 4025 910 4083 totum
925 4022 1034 4083 dedico
1048 4041 1260 4101 consecroque.

291 4121 432 4194 Louanii,
448 4123 545 4180 Anno
560 4120 729 4181 millesimo
743 4120 998 4198 quingentesimo
1012 4121 1227 4181 decimonono.
1245 4117 1309 4181 Cal.
1325 4119 1410 4179 Maii.

283 4310 323 4356 ⁴3·
342 4295 468 4356 Desipuit
480 4298 519 4341 E:
537 4294 652 4354 Ineptiit
664 4296 696 4343 11.
797 4295 825 4341 at
836 4298 862 4341 11
873 4309 880 4341 ε
897 4293 959 4342 ΜΣ.
1077 4308 1116 4354 49.
1136 4293 1314 4341 reuerendarn
1328 4291 1451 4339 domina·

249 4364 353 4410 tionem
367 4364 407 4407 E:
425 4359 615 4408 celsitudinem
627 4363 660 4408 H.
760 4371 800 4419 51.
819 4374 874 4407 non
886 4374 943 4407 esse
955 4374 1026 4407 vana
1037 4363 1094 4407 add.
1108 4362 1141 4407 Η.
1245 4360 1286 4417 64.
1305 4357 1452 4419 comperiet

251 4427 284 4475 D.
296 4426 324 4475 Τ.
338 4425 369 4474 Β.
384 4429 422 4473 E:
440 4426 586 4487 comperies
598 4429 630 4472 11.
719 4424 874 4485 dignaberis
885 4428 916 4473 11.
1034 4426 1074 4473 ⁶8.
1094 4424 1329 4472 Reuerendissimo
1342 4422 1452 4470 domino

250 4509 295 4541 m.
308 4496 341 4540 H.
443 4506 481 4550 7¹·
502 4491 530 4538 E.
544 4490 574 4538 R.
587 4491 616 4538 Τ.
630 4490 661 4538 D.
679 4494 715 4538 E:
732 4489 884 4551 amplitudo
897 4494 944 4538 tua
957 4494 988 4538 H.

255 4611 513 4622 .....—----.-—-

284 4691 323 4735 4o
344 4673 474 4738 Hispani]
487 4673 529 4721 Gt.
542 4672 589 4734 Ep.
601 4673 658 4732 636.
676 4687 713 4730 ¹4·
911 4688 951 4733 57.
969 4672 1161 4736 suppressisse]
1174 4673 1215 4722 cf.
1228 4673 1275 4735 Ep.
1287 4676 1344 4735 ⁶3⁶.
1358 4673 1430 4721 26-8.

315 4740 426 4803 Fausto]
438 4741 486 4787 See
499 4740 546 4799 Ep.
560 4741 591 4797 84
605 4738 706 4785 introd.
909 4742 950 4787 66.
969 4738 1068 4786 librum
1082 4738 1198 4803 nudum]
1214 4739 1271 4787 ‘l'be
1287 4740 1352 4787 New
1365 4739 1454 4787 Testa·

283 4822 322 4866 4¹·
342 4804 438 4869 Balbo]
450 4806 499 4853 See
512 4806 561 4867 Ep.
573 4818 613 4865 23·
627 4818 658 4862 ⁴7
668 4818 695 4852 u.
877 4808 953 4852 ment
965 4804 1105 4853 unbound.
