<?xml version="1.0" encoding="UTF-8"?>
<!DOCTYPE html PUBLIC "-//W3C//DTD XHTML 1.0 Transitional//EN"
    "http://www.w3.org/TR/xhtml1/DTD/xhtml1-transitional.dtd">
<html xmlns="http://www.w3.org/1999/xhtml" xml:lang="en" lang="en">
 <head>
  <title>
</title>
<meta http-equiv="Content-Type" content="text/html;charset=utf-8" />
  <meta name='ocr-system' content='tesseract 3.04.00' />
  <meta name='ocr-capabilities' content='ocr_page ocr_carea ocr_par ocr_line ocrx_word'/>
</head>
<body>
  <div class='ocr_page' id='page_1' title='image "./opusepistolarum03garrgoog_0664.png"; bbox 0 0 3867 6034; ppageno 0'>
   <div class='ocr_carea' id='block_1_1' title="bbox 400 708 1621 794">
    <p class='ocr_par' dir='ltr' id='par_1_1' title="bbox 400 708 1621 794">
     <span class='ocr_line' id='line_1_1' title="bbox 400 708 1621 794; baseline -0.006 -15"><span class='ocrx_word' id='word_1_1' title='bbox 400 718 462 780; x_wconf 78' lang='lat'><strong>612</strong></span> <span class='ocrx_word' id='word_1_2' title='bbox 748 712 937 776; x_wconf 73' lang='lat' dir='ltr'><strong>Irll&#39;l&#39;l&#39;llRS</strong></span> <span class='ocrx_word' id='word_1_3' title='bbox 964 710 1018 774; x_wconf 78' lang='lat' dir='ltr'><strong>OF</strong></span> <span class='ocrx_word' id='word_1_4' title='bbox 1045 710 1247 773; x_wconf 69' lang='lat' dir='ltr'><strong>suasuris</strong></span> <span class='ocrx_word' id='word_1_5' title='bbox 1527 708 1621 794; x_wconf 80' lang='lat'>[1519</span> 
     </span>
    </p>
   </div>
   <div class='ocr_carea' id='block_1_2' title="bbox 348 865 1619 5061">
    <p class='ocr_par' dir='ltr' id='par_1_2' title="bbox 399 865 1619 945">
     <span class='ocr_line' id='line_1_2' title="bbox 399 865 1619 945; baseline -0.004 -11"><span class='ocrx_word' id='word_1_6' title='bbox 399 876 506 934; x_wconf 89' lang='lat' dir='ltr'><strong>tamen</strong></span> <span class='ocrx_word' id='word_1_7' title='bbox 527 870 744 931; x_wconf 74' lang='lat' dir='ltr'><strong>annuncietur.</strong></span> <span class='ocrx_word' id='word_1_8' title='bbox 797 868 886 929; x_wconf 84' lang='lat' dir='ltr'><strong>Bona</strong></span> <span class='ocrx_word' id='word_1_9' title='bbox 912 885 985 945; x_wconf 88' lang='lat' dir='ltr'><strong>pars</strong></span> <span class='ocrx_word' id='word_1_10' title='bbox 1007 886 1073 927; x_wconf 91' lang='lat' dir='ltr'><strong>non</strong></span> <span class='ocrx_word' id='word_1_11' title='bbox 1095 865 1258 927; x_wconf 75' lang='lat' dir='ltr'><strong>Obrisbrm</strong></span> <span class='ocrx_word' id='word_1_12' title='bbox 1284 865 1347 928; x_wconf 91' lang='lat' dir='ltr'><strong>sed</strong></span> <span class='ocrx_word' id='word_1_13' title='bbox 1378 866 1549 943; x_wconf 90' lang='lat' dir='ltr'><strong>homines,</strong></span> <span class='ocrx_word' id='word_1_14' title='bbox 1570 868 1619 929; x_wconf 84' lang='lat' dir='ltr'><strong>sed</strong></span> 
     </span>
    </p>

    <p class='ocr_par' dir='ltr' id='par_1_3' title="bbox 356 964 1618 1437">
     <span class='ocr_line' id='line_1_3' title="bbox 356 964 1618 1048; baseline -0.003 -17"><span class='ocrx_word' id='word_1_15' title='bbox 356 970 525 1048; x_wconf 76' lang='lat' dir='ltr'><strong>eeseipsoa,</strong></span> <span class='ocrx_word' id='word_1_16' title='bbox 547 967 712 1046; x_wconf 87' lang='lat' dir='ltr'><strong>praedicat</strong></span> <span class='ocrx_word' id='word_1_17' title='bbox 764 967 882 1027; x_wconf 89' lang='lat' dir='ltr'><strong>Verum</strong></span> <span class='ocrx_word' id='word_1_18' title='bbox 902 965 979 1026; x_wconf 82' lang='lat' dir='ltr'><strong>haec</strong></span> <span class='ocrx_word' id='word_1_19' title='bbox 998 964 1158 1042; x_wconf 86' lang='lat' dir='ltr'><strong>deplorare</strong></span> <span class='ocrx_word' id='word_1_20' title='bbox 1178 984 1242 1026; x_wconf 93' lang='lat' dir='ltr'><strong>non</strong></span> <span class='ocrx_word' id='word_1_21' title='bbox 1262 968 1312 1026; x_wconf 90' lang='lat' dir='ltr'><strong>eet</strong></span> <span class='ocrx_word' id='word_1_22' title='bbox 1335 964 1444 1027; x_wconf 90' lang='lat' dir='ltr'><strong>huius</strong></span> <span class='ocrx_word' id='word_1_23' title='bbox 1468 967 1618 1027; x_wconf 85' lang='lat' dir='ltr'><strong>instituti.</strong></span> 
     </span>
     <span class='ocr_line' id='line_1_4' title="bbox 400 1061 1616 1144; baseline -0.003 -15"><span class='ocrx_word' id='word_1_24' title='bbox 400 1068 484 1130; x_wconf 80' lang='lat' dir='ltr'><strong>Sunt</strong></span> <span class='ocrx_word' id='word_1_25' title='bbox 505 1066 559 1144; x_wconf 92' lang='lat' dir='ltr'><strong>qui</strong></span> <span class='ocrx_word' id='word_1_26' title='bbox 582 1064 760 1127; x_wconf 72' lang='lat' dir='ltr'><strong>Scotisticm</strong></span> <span class='ocrx_word' id='word_1_27' title='bbox 784 1061 976 1124; x_wconf 70' lang='lat' dir='ltr'><strong>subtilitates</strong></span> <span class='ocrx_word' id='word_1_28' title='bbox 997 1064 1133 1123; x_wconf 85' lang='lat' dir='ltr'><strong>tractent</strong></span> <span class='ocrx_word' id='word_1_29' title='bbox 1153 1061 1235 1139; x_wconf 84' lang='lat' dir='ltr'><strong>apud</strong></span> <span class='ocrx_word' id='word_1_30' title='bbox 1256 1062 1457 1140; x_wconf 85' lang='lat' dir='ltr'><strong>imperitam</strong></span> <span class='ocrx_word' id='word_1_31' title='bbox 1477 1064 1616 1126; x_wconf 72' lang='lat' dir='ltr'><strong>multiti-</strong></span> 
     </span>
     <span class='ocr_line' id='line_1_5' title="bbox 400 1158 1613 1242; baseline -0.001 -18"><span class='ocrx_word' id='word_1_32' title='bbox 400 1164 518 1238; x_wconf 91' lang='lat' dir='ltr'><strong>dinem,</strong></span> <span class='ocrx_word' id='word_1_33' title='bbox 542 1162 671 1224; x_wconf 86' lang='lat' dir='ltr'><strong>delectis</strong></span> <span class='ocrx_word' id='word_1_34' title='bbox 691 1162 788 1223; x_wconf 87' lang='lat' dir='ltr'><strong>etiam</strong></span> <span class='ocrx_word' id='word_1_35' title='bbox 810 1159 844 1220; x_wconf 92' lang='lat' dir='ltr'><strong>in</strong></span> <span class='ocrx_word' id='word_1_36' title='bbox 865 1158 926 1220; x_wconf 90' lang='lat' dir='ltr'><strong>hoc</strong></span> <span class='ocrx_word' id='word_1_37' title='bbox 945 1159 1142 1236; x_wconf 82' lang='lat' dir='ltr'><strong>argumentis</strong></span> <span class='ocrx_word' id='word_1_38' title='bbox 1170 1160 1415 1237; x_wconf 88' lang='lat' dir='ltr'><strong>quammaxime</strong></span> <span class='ocrx_word' id='word_1_39' title='bbox 1447 1162 1613 1242; x_wconf 84' lang='lat' dir='ltr'><strong>perplexis,</strong></span> 
     </span>
     <span class='ocr_line' id='line_1_6' title="bbox 400 1255 1615 1340; baseline -0.001 -18"><span class='ocrx_word' id='word_1_40' title='bbox 400 1281 461 1340; x_wconf 94' lang='lat' dir='ltr'><strong>quo</strong></span> <span class='ocrx_word' id='word_1_41' title='bbox 474 1260 576 1338; x_wconf 84' lang='lat' dir='ltr'><strong>magis</strong></span> <span class='ocrx_word' id='word_1_42' title='bbox 587 1258 737 1320; x_wconf 85' lang='lat' dir='ltr'><strong>miraculo</strong></span> <span class='ocrx_word' id='word_1_43' title='bbox 749 1258 815 1319; x_wconf 91' lang='lat' dir='ltr'><strong>sint</strong></span> <span class='ocrx_word' id='word_1_44' title='bbox 827 1255 1031 1330; x_wconf 88' lang='lat' dir='ltr'><strong>auditoribus,</strong></span> <span class='ocrx_word' id='word_1_45' title='bbox 1047 1256 1075 1317; x_wconf 91' lang='lat' dir='ltr'><strong>si</strong></span> <span class='ocrx_word' id='word_1_46' title='bbox 1091 1255 1172 1317; x_wconf 88' lang='lat' dir='ltr'><strong>nihil</strong></span> <span class='ocrx_word' id='word_1_47' title='bbox 1189 1258 1339 1319; x_wconf 88' lang='lat' dir='ltr'><strong>omnium</strong></span> <span class='ocrx_word' id='word_1_48' title='bbox 1360 1278 1449 1338; x_wconf 82' lang='lat' dir='ltr'><strong>quae</strong></span> <span class='ocrx_word' id='word_1_49' title='bbox 1470 1259 1615 1321; x_wconf 84' lang='lat' dir='ltr'><strong>dicuntm</strong></span> 
     </span>
     <span class='ocr_line' id='line_1_7' title="bbox 401 1353 1612 1437; baseline 0 -18"><span class='ocrx_word' id='word_1_50' title='bbox 401 1357 581 1437; x_wconf 83' lang='lat' dir='ltr'><strong>intelligant</strong></span> <span class='ocrx_word' id='word_1_51' title='bbox 594 1378 603 1417; x_wconf 75' lang='grc' dir='ltr'><em>τ</em></span> <span class='ocrx_word' id='word_1_52' title='bbox 621 1356 696 1435; x_wconf 92' lang='lat' dir='ltr'><strong>quid</strong></span> <span class='ocrx_word' id='word_1_53' title='bbox 709 1360 815 1418; x_wconf 91' lang='lat' dir='ltr'><strong>autem</strong></span> <span class='ocrx_word' id='word_1_54' title='bbox 828 1353 999 1433; x_wconf 77' lang='lat' dir='ltr'><strong>frIgidius‘?</strong></span> <span class='ocrx_word' id='word_1_55' title='bbox 1018 1353 1084 1416; x_wconf 92' lang='lat' dir='ltr'><strong>imo</strong></span> <span class='ocrx_word' id='word_1_56' title='bbox 1098 1354 1174 1432; x_wconf 89' lang='lat' dir='ltr'><strong>quid</strong></span> <span class='ocrx_word' id='word_1_57' title='bbox 1188 1355 1369 1418; x_wconf 78' lang='lat' dir='ltr'><strong>inutilius?</strong></span> <span class='ocrx_word' id='word_1_58' title='bbox 1405 1356 1485 1421; x_wconf 81' lang='lat' dir='ltr'><strong>Alii</strong></span> <span class='ocrx_word' id='word_1_59' title='bbox 1497 1362 1612 1435; x_wconf 66' lang='lat' dir='ltr'><strong>praeta</strong></span> 
     </span>
    </p>

    <p class='ocr_par' dir='ltr' id='par_1_4' title="bbox 356 1452 1611 1923">
     <span class='ocr_line' id='line_1_8' title="bbox 356 1452 1611 1537; baseline -0.002 -17"><span class='ocrx_word' id='word_1_60' title='bbox 356 1472 389 1537; x_wconf 85' lang='lat'><strong>⁶5</strong></span> <span class='ocrx_word' id='word_1_61' title='bbox 400 1457 585 1518; x_wconf 89' lang='lat' dir='ltr'><strong>scholastica</strong></span> <span class='ocrx_word' id='word_1_62' title='bbox 605 1456 751 1533; x_wconf 87' lang='lat' dir='ltr'><strong>dogmata</strong></span> <span class='ocrx_word' id='word_1_63' title='bbox 770 1454 854 1515; x_wconf 91' lang='lat' dir='ltr'><strong>nihil</strong></span> <span class='ocrx_word' id='word_1_64' title='bbox 872 1452 1019 1514; x_wconf 79' lang='lat' dir='ltr'><strong>adienrnt</strong></span> <span class='ocrx_word' id='word_1_65' title='bbox 1038 1453 1073 1514; x_wconf 95' lang='lat' dir='ltr'><strong>in</strong></span> <span class='ocrx_word' id='word_1_66' title='bbox 1093 1452 1294 1514; x_wconf 87' lang='lat' dir='ltr'><strong>concionem:</strong></span> <span class='ocrx_word' id='word_1_67' title='bbox 1324 1474 1476 1532; x_wconf 90' lang='lat' dir='ltr'><strong>quorum</strong></span> <span class='ocrx_word' id='word_1_68' title='bbox 1496 1457 1611 1535; x_wconf 83' lang='lat' dir='ltr'><strong>aliquot</strong></span> 
     </span>
     <span class='ocr_line' id='line_1_9' title="bbox 400 1551 1608 1630; baseline 0 -14"><span class='ocrx_word' id='word_1_69' title='bbox 400 1554 555 1616; x_wconf 85' lang='lat' dir='ltr'><strong>eiusmodi</strong></span> <span class='ocrx_word' id='word_1_70' title='bbox 574 1558 651 1615; x_wconf 87' lang='lat' dir='ltr'><strong>sunt</strong></span> <span class='ocrx_word' id='word_1_71' title='bbox 665 1555 701 1614; x_wconf 84' lang='lat' dir='ltr'><strong>vt</strong></span> <span class='ocrx_word' id='word_1_72' title='bbox 718 1571 782 1613; x_wconf 91' lang='lat' dir='ltr'><strong>non</strong></span> <span class='ocrx_word' id='word_1_73' title='bbox 796 1551 910 1612; x_wconf 81' lang='lat' dir='ltr'><strong>referat</strong></span> <span class='ocrx_word' id='word_1_74' title='bbox 923 1570 960 1611; x_wconf 85' lang='lat' dir='ltr'><strong>ea</strong></span> <span class='ocrx_word' id='word_1_75' title='bbox 973 1551 1103 1626; x_wconf 88' lang='lat' dir='ltr'><strong>nescire,</strong></span> <span class='ocrx_word' id='word_1_76' title='bbox 1118 1551 1270 1630; x_wconf 86' lang='lat' dir='ltr'><strong>quaedam</strong></span> <span class='ocrx_word' id='word_1_77' title='bbox 1288 1552 1462 1615; x_wconf 89' lang='lat' dir='ltr'><strong>eiusmodi</strong></span> <span class='ocrx_word' id='word_1_78' title='bbox 1477 1558 1515 1615; x_wconf 83' lang='lat' dir='ltr'><strong>vt</strong></span> <span class='ocrx_word' id='word_1_79' title='bbox 1527 1557 1608 1615; x_wconf 80' lang='lat' dir='ltr'><strong>extra</strong></span> 
     </span>
     <span class='ocr_line' id='line_1_10' title="bbox 401 1647 1607 1728; baseline -0.001 -15"><span class='ocrx_word' id='word_1_80' title='bbox 401 1652 523 1714; x_wconf 87' lang='lat' dir='ltr'><strong>scholas</strong></span> <span class='ocrx_word' id='word_1_81' title='bbox 538 1653 669 1712; x_wconf 89' lang='lat' dir='ltr'><strong>tractata</strong></span> <span class='ocrx_word' id='word_1_82' title='bbox 685 1650 827 1728; x_wconf 74' lang='lat' dir='ltr'><strong>higeant</strong></span> <span class='ocrx_word' id='word_1_83' title='bbox 871 1648 936 1708; x_wconf 82' lang='lat' dir='ltr'><strong>Nec</strong></span> <span class='ocrx_word' id='word_1_84' title='bbox 954 1647 1069 1709; x_wconf 84' lang='lat' dir='ltr'><strong>desunt</strong></span> <span class='ocrx_word' id='word_1_85' title='bbox 1085 1648 1149 1726; x_wconf 91' lang='lat' dir='ltr'><strong>qui,</strong></span> <span class='ocrx_word' id='word_1_86' title='bbox 1169 1668 1231 1726; x_wconf 93' lang='lat' dir='ltr'><strong>quo</strong></span> <span class='ocrx_word' id='word_1_87' title='bbox 1249 1649 1389 1711; x_wconf 88' lang='lat' dir='ltr'><strong>curiosis</strong></span> <span class='ocrx_word' id='word_1_88' title='bbox 1408 1652 1607 1714; x_wconf 73' lang='lat' dir='ltr'><strong>auditoribus</strong></span> 
     </span>
     <span class='ocr_line' id='line_1_11' title="bbox 401 1746 1606 1826; baseline 0 -14"><span class='ocrx_word' id='word_1_89' title='bbox 401 1751 517 1812; x_wconf 79' lang='lat' dir='ltr'><strong>faciant</strong></span> <span class='ocrx_word' id='word_1_90' title='bbox 526 1750 612 1826; x_wconf 88' lang='lat' dir='ltr'><strong>satis,</strong></span> <span class='ocrx_word' id='word_1_91' title='bbox 621 1748 758 1826; x_wconf 75' lang='lat' dir='ltr'><strong>undique</strong></span> <span class='ocrx_word' id='word_1_92' title='bbox 768 1748 941 1824; x_wconf 85' lang='lat' dir='ltr'><strong>congerunt</strong></span> <span class='ocrx_word' id='word_1_93' title='bbox 949 1750 981 1808; x_wconf 88' lang='lat' dir='ltr'><strong>et</strong></span> <span class='ocrx_word' id='word_1_94' title='bbox 991 1746 1234 1808; x_wconf 86' lang='lat' dir='ltr'><strong>velutexvariis</strong></span> <span class='ocrx_word' id='word_1_95' title='bbox 1243 1746 1434 1824; x_wconf 85' lang='lat' dir='ltr'><strong>rhapsodiia</strong></span> <span class='ocrx_word' id='word_1_96' title='bbox 1444 1754 1606 1811; x_wconf 88' lang='lat' dir='ltr'><strong>centonem</strong></span> 
     </span>
     <span class='ocr_line' id='line_1_12' title="bbox 401 1841 1605 1923; baseline -0.003 -13"><span class='ocrx_word' id='word_1_97' title='bbox 401 1848 598 1923; x_wconf 74' lang='lat' dir='ltr'><strong>concinnant,</strong></span> <span class='ocrx_word' id='word_1_98' title='bbox 614 1866 652 1907; x_wconf 84' lang='lat' dir='ltr'><strong>ex</strong></span> <span class='ocrx_word' id='word_1_99' title='bbox 668 1846 736 1907; x_wconf 91' lang='lat' dir='ltr'><strong>iure</strong></span> <span class='ocrx_word' id='word_1_100' title='bbox 753 1844 849 1919; x_wconf 91' lang='lat' dir='ltr'><strong>ciuili,</strong></span> <span class='ocrx_word' id='word_1_101' title='bbox 864 1863 902 1904; x_wconf 85' lang='lat' dir='ltr'><strong>ex</strong></span> <span class='ocrx_word' id='word_1_102' title='bbox 921 1844 988 1905; x_wconf 90' lang='lat' dir='ltr'><strong>iure</strong></span> <span class='ocrx_word' id='word_1_103' title='bbox 1004 1841 1174 1922; x_wconf 87' lang='lat' dir='ltr'><strong>pontificio,</strong></span> <span class='ocrx_word' id='word_1_104' title='bbox 1189 1863 1227 1904; x_wconf 85' lang='lat' dir='ltr'><strong>ex</strong></span> <span class='ocrx_word' id='word_1_105' title='bbox 1244 1843 1343 1906; x_wconf 86' lang='lat' dir='ltr'><strong>variis</strong></span> <span class='ocrx_word' id='word_1_106' title='bbox 1356 1845 1558 1919; x_wconf 85' lang='lat' dir='ltr'><strong>doctoribus,</strong></span> <span class='ocrx_word' id='word_1_107' title='bbox 1571 1867 1605 1906; x_wconf 86' lang='lat' dir='ltr'><strong>ne</strong></span> 
     </span>
    </p>

    <p class='ocr_par' dir='ltr' id='par_1_5' title="bbox 359 1941 1604 2121">
     <span class='ocr_line' id='line_1_13' title="bbox 359 1941 1604 2025; baseline -0.004 -17"><span class='ocrx_word' id='word_1_108' title='bbox 359 1971 391 2025; x_wconf 71' lang='lat'><strong>70</strong></span> <span class='ocrx_word' id='word_1_109' title='bbox 401 1945 476 2025; x_wconf 91' lang='lat' dir='ltr'><strong>quid</strong></span> <span class='ocrx_word' id='word_1_110' title='bbox 494 1964 558 2005; x_wconf 91' lang='lat' dir='ltr'><strong>non</strong></span> <span class='ocrx_word' id='word_1_111' title='bbox 575 1944 687 2023; x_wconf 84' lang='lat' dir='ltr'><strong>legisse</strong></span> <span class='ocrx_word' id='word_1_112' title='bbox 705 1943 881 2003; x_wconf 85' lang='lat' dir='ltr'><strong>videantur.</strong></span> <span class='ocrx_word' id='word_1_113' title='bbox 924 1941 1038 2003; x_wconf 86' lang='lat' dir='ltr'><strong>Omnis</strong></span> <span class='ocrx_word' id='word_1_114' title='bbox 1057 1942 1215 2003; x_wconf 87' lang='lat' dir='ltr'><strong>humanus</strong></span> <span class='ocrx_word' id='word_1_115' title='bbox 1232 1941 1368 2005; x_wconf 79' lang='lat' dir='ltr'><strong>affecbrs</strong></span> <span class='ocrx_word' id='word_1_116' title='bbox 1388 1945 1561 2021; x_wconf 84' lang='lat' dir='ltr'><strong>ponendus</strong></span> <span class='ocrx_word' id='word_1_117' title='bbox 1578 1943 1604 2003; x_wconf 92' lang='lat' dir='ltr'><strong>ei</strong></span> 
     </span>
     <span class='ocr_line' id='line_1_14' title="bbox 401 2039 1369 2121; baseline 0 -18"><span class='ocrx_word' id='word_1_118' title='bbox 401 2043 458 2121; x_wconf 91' lang='lat' dir='ltr'><strong>qui</strong></span> <span class='ocrx_word' id='word_1_119' title='bbox 470 2041 597 2103; x_wconf 77' lang='lat' dir='ltr'><strong>studeat</strong></span> <span class='ocrx_word' id='word_1_120' title='bbox 608 2060 715 2103; x_wconf 85' lang='lat' dir='ltr'><strong>veram</strong></span> <span class='ocrx_word' id='word_1_121' title='bbox 728 2041 878 2120; x_wconf 86' lang='lat' dir='ltr'><strong>pietatem</strong></span> <span class='ocrx_word' id='word_1_122' title='bbox 889 2039 1005 2100; x_wconf 88' lang='lat' dir='ltr'><strong>animis</strong></span> <span class='ocrx_word' id='word_1_123' title='bbox 1019 2039 1200 2101; x_wconf 86' lang='lat' dir='ltr'><strong>mortalium</strong></span> <span class='ocrx_word' id='word_1_124' title='bbox 1217 2039 1369 2103; x_wconf 85' lang='lat' dir='ltr'><strong>inserere.</strong></span> 
     </span>
    </p>

    <p class='ocr_par' dir='ltr' id='par_1_6' title="bbox 402 2136 1603 2415">
     <span class='ocr_line' id='line_1_15' title="bbox 442 2136 1603 2215; baseline 0 -14"><span class='ocrx_word' id='word_1_125' title='bbox 442 2139 632 2202; x_wconf 88' lang='lat' dir='ltr'><strong>Prudentior</strong></span> <span class='ocrx_word' id='word_1_126' title='bbox 650 2142 756 2201; x_wconf 83' lang='lat' dir='ltr'><strong>autem</strong></span> <span class='ocrx_word' id='word_1_127' title='bbox 776 2156 926 2215; x_wconf 88' lang='lat' dir='ltr'><strong>osquam</strong></span> <span class='ocrx_word' id='word_1_128' title='bbox 946 2141 982 2198; x_wconf 89' lang='lat' dir='ltr'><strong>vt</strong></span> <span class='ocrx_word' id='word_1_129' title='bbox 1002 2137 1047 2198; x_wconf 86' lang='lat' dir='ltr'><strong>sis</strong></span> <span class='ocrx_word' id='word_1_130' title='bbox 1066 2136 1147 2197; x_wconf 85' lang='lat' dir='ltr'><strong>milri</strong></span> <span class='ocrx_word' id='word_1_131' title='bbox 1165 2137 1344 2199; x_wconf 87' lang='lat' dir='ltr'><strong>monendus</strong></span> <span class='ocrx_word' id='word_1_132' title='bbox 1363 2139 1530 2204; x_wconf 86' lang='lat' dir='ltr'><strong>efficacius</strong></span> <span class='ocrx_word' id='word_1_133' title='bbox 1546 2159 1603 2201; x_wconf 85' lang='lat' dir='ltr'><strong>esse</strong></span> 
     </span>
     <span class='ocr_line' id='line_1_16' title="bbox 402 2234 1602 2316; baseline -0.002 -16"><span class='ocrx_word' id='word_1_134' title='bbox 402 2238 442 2300; x_wconf 90' lang='lat' dir='ltr'><strong>ad</strong></span> <span class='ocrx_word' id='word_1_135' title='bbox 466 2238 663 2299; x_wconf 85' lang='lat' dir='ltr'><strong>inserendam</strong></span> <span class='ocrx_word' id='word_1_136' title='bbox 687 2236 854 2298; x_wconf 92' lang='lat' dir='ltr'><strong>hominum</strong></span> <span class='ocrx_word' id='word_1_137' title='bbox 877 2234 1040 2296; x_wconf 88' lang='lat' dir='ltr'><strong>mentibus</strong></span> <span class='ocrx_word' id='word_1_138' title='bbox 1063 2234 1182 2297; x_wconf 84' lang='lat' dir='ltr'><strong>Christi</strong></span> <span class='ocrx_word' id='word_1_139' title='bbox 1208 2234 1464 2315; x_wconf 83' lang='lat' dir='ltr'><strong>philosophiam,</strong></span> <span class='ocrx_word' id='word_1_140' title='bbox 1490 2238 1602 2316; x_wconf 84' lang='lat' dir='ltr'><strong>siquis</strong></span> 
     </span>
     <span class='ocr_line' id='line_1_17' title="bbox 402 2331 1603 2415; baseline -0.002 -18"><span class='ocrx_word' id='word_1_141' title='bbox 402 2335 618 2397; x_wconf 89' lang='lat' dir='ltr'><strong>admirabilem</strong></span> <span class='ocrx_word' id='word_1_142' title='bbox 632 2335 721 2395; x_wconf 91' lang='lat' dir='ltr'><strong>illam</strong></span> <span class='ocrx_word' id='word_1_143' title='bbox 734 2338 767 2395; x_wconf 91' lang='lat' dir='ltr'><strong>et</strong></span> <span class='ocrx_word' id='word_1_144' title='bbox 779 2332 947 2395; x_wconf 86' lang='lat' dir='ltr'><strong>amabilem</strong></span> <span class='ocrx_word' id='word_1_145' title='bbox 961 2352 1052 2394; x_wconf 87' lang='lat' dir='ltr'><strong>verae</strong></span> <span class='ocrx_word' id='word_1_146' title='bbox 1067 2332 1190 2410; x_wconf 84' lang='lat' dir='ltr'><strong>pietatis</strong></span> <span class='ocrx_word' id='word_1_147' title='bbox 1202 2331 1379 2411; x_wconf 78' lang='lat' dir='ltr'><strong>imaginem</strong></span> <span class='ocrx_word' id='word_1_148' title='bbox 1395 2356 1497 2413; x_wconf 87' lang='lat' dir='ltr'><strong>quam</strong></span> <span class='ocrx_word' id='word_1_149' title='bbox 1511 2336 1603 2415; x_wconf 70' lang='lat' dir='ltr'><strong>possit</strong></span> 
     </span>
    </p>

    <p class='ocr_par' dir='ltr' id='par_1_7' title="bbox 360 2429 1602 2904">
     <span class='ocr_line' id='line_1_18' title="bbox 360 2429 1602 2514; baseline -0.001 -20"><span class='ocrx_word' id='word_1_150' title='bbox 360 2433 669 2514; x_wconf 78' lang='lat' dir='ltr'><strong>75expreeaissimam</strong></span> <span class='ocrx_word' id='word_1_151' title='bbox 695 2433 825 2511; x_wconf 78' lang='lat' dir='ltr'><strong>ingerat,</strong></span> <span class='ocrx_word' id='word_1_152' title='bbox 852 2450 947 2510; x_wconf 91' lang='lat' dir='ltr'><strong>quam</strong></span> <span class='ocrx_word' id='word_1_153' title='bbox 973 2429 1002 2491; x_wconf 87' lang='lat' dir='ltr'><strong>si</strong></span> <span class='ocrx_word' id='word_1_154' title='bbox 1029 2430 1220 2492; x_wconf 85' lang='lat' dir='ltr'><strong>insectandis</strong></span> <span class='ocrx_word' id='word_1_155' title='bbox 1246 2430 1404 2497; x_wconf 82' lang='lat' dir='ltr'><strong>vitiorum</strong></span> <span class='ocrx_word' id='word_1_156' title='bbox 1433 2435 1549 2496; x_wconf 79' lang='lat' dir='ltr'><strong>formis</strong></span> <span class='ocrx_word' id='word_1_157' title='bbox 1572 2452 1602 2493; x_wconf 86' lang='lat' dir='ltr'><strong>ac</strong></span> 
     </span>
     <span class='ocr_line' id='line_1_19' title="bbox 402 2528 1601 2612; baseline 0.003 -20"><span class='ocrx_word' id='word_1_158' title='bbox 402 2532 568 2609; x_wconf 89' lang='lat' dir='ltr'><strong>generibus</strong></span> <span class='ocrx_word' id='word_1_159' title='bbox 602 2550 710 2592; x_wconf 89' lang='lat' dir='ltr'><strong>vocem</strong></span> <span class='ocrx_word' id='word_1_160' title='bbox 742 2529 899 2608; x_wconf 83' lang='lat' dir='ltr'><strong>lateraque</strong></span> <span class='ocrx_word' id='word_1_161' title='bbox 922 2531 1076 2589; x_wconf 75' lang='lat' dir='ltr'><strong>exeromt.</strong></span> <span class='ocrx_word' id='word_1_162' title='bbox 1126 2528 1242 2590; x_wconf 83' lang='lat' dir='ltr'><strong>llfficax</strong></span> <span class='ocrx_word' id='word_1_163' title='bbox 1270 2530 1432 2607; x_wconf 85' lang='lat' dir='ltr'><strong>quasdam</strong></span> <span class='ocrx_word' id='word_1_164' title='bbox 1461 2553 1514 2595; x_wconf 88' lang='lat' dir='ltr'><strong>rea</strong></span> <span class='ocrx_word' id='word_1_165' title='bbox 1540 2535 1601 2612; x_wconf 85' lang='lat' dir='ltr'><strong>ipsa</strong></span> 
     </span>
     <span class='ocr_line' id='line_1_20' title="bbox 404 2626 1600 2706; baseline 0.003 -17"><span class='ocrx_word' id='word_1_166' title='bbox 404 2628 532 2689; x_wconf 67' lang='lat' dir='ltr'><strong>vimutie</strong></span> <span class='ocrx_word' id='word_1_167' title='bbox 544 2629 669 2705; x_wconf 89' lang='lat' dir='ltr'><strong>species,</strong></span> <span class='ocrx_word' id='word_1_168' title='bbox 685 2647 765 2704; x_wconf 88' lang='lat' dir='ltr'><strong>quae</strong></span> <span class='ocrx_word' id='word_1_169' title='bbox 784 2627 871 2706; x_wconf 88' lang='lat' dir='ltr'><strong>puris</strong></span> <span class='ocrx_word' id='word_1_170' title='bbox 889 2626 990 2687; x_wconf 86' lang='lat' dir='ltr'><strong>oculis</strong></span> <span class='ocrx_word' id='word_1_171' title='bbox 1005 2630 1129 2688; x_wconf 87' lang='lat' dir='ltr'><strong>ostensa</strong></span> <span class='ocrx_word' id='word_1_172' title='bbox 1142 2645 1216 2687; x_wconf 86' lang='lat' dir='ltr'><strong>mox</strong></span> <span class='ocrx_word' id='word_1_173' title='bbox 1234 2626 1317 2703; x_wconf 87' lang='lat' dir='ltr'><strong>rapit</strong></span> <span class='ocrx_word' id='word_1_174' title='bbox 1335 2628 1370 2689; x_wconf 91' lang='lat' dir='ltr'><strong>in</strong></span> <span class='ocrx_word' id='word_1_175' title='bbox 1387 2650 1534 2692; x_wconf 89' lang='lat' dir='ltr'><strong>amorem</strong></span> <span class='ocrx_word' id='word_1_176' title='bbox 1548 2632 1600 2692; x_wconf 84' lang='lat' dir='ltr'><strong>sui</strong></span> 
     </span>
     <span class='ocr_line' id='line_1_21' title="bbox 404 2723 1601 2805; baseline 0.005 -21"><span class='ocrx_word' id='word_1_177' title='bbox 404 2725 603 2785; x_wconf 91' lang='lat' dir='ltr'><strong>Immensum</strong></span> <span class='ocrx_word' id='word_1_178' title='bbox 620 2729 669 2786; x_wconf 89' lang='lat' dir='ltr'><strong>est</strong></span> <span class='ocrx_word' id='word_1_179' title='bbox 689 2727 765 2802; x_wconf 91' lang='lat' dir='ltr'><strong>quot</strong></span> <span class='ocrx_word' id='word_1_180' title='bbox 784 2724 886 2785; x_wconf 89' lang='lat' dir='ltr'><strong>modis</strong></span> <span class='ocrx_word' id='word_1_181' title='bbox 901 2724 1063 2786; x_wconf 83' lang='lat' dir='ltr'><strong>aberretur</strong></span> <span class='ocrx_word' id='word_1_182' title='bbox 1074 2723 1114 2784; x_wconf 91' lang='lat' dir='ltr'><strong>ab</strong></span> <span class='ocrx_word' id='word_1_183' title='bbox 1127 2724 1261 2785; x_wconf 84' lang='lat' dir='ltr'><strong>honesto</strong></span> <span class='ocrx_word' id='word_1_184' title='bbox 1273 2728 1434 2805; x_wconf 78' lang='lat' dir='ltr'><strong>persequi</strong></span> <span class='ocrx_word' id='word_1_185' title='bbox 1481 2730 1601 2790; x_wconf 81' lang='lat' dir='ltr'><strong>Rectius</strong></span> 
     </span>
     <span class='ocr_line' id='line_1_22' title="bbox 403 2821 1600 2904; baseline 0.004 -22"><span class='ocrx_word' id='word_1_186' title='bbox 403 2821 443 2883; x_wconf 92' lang='lat' dir='ltr'><strong>ad</strong></span> <span class='ocrx_word' id='word_1_187' title='bbox 461 2822 654 2899; x_wconf 89' lang='lat' dir='ltr'><strong>propositum</strong></span> <span class='ocrx_word' id='word_1_188' title='bbox 673 2822 832 2898; x_wconf 82' lang='lat' dir='ltr'><strong>exemplar</strong></span> <span class='ocrx_word' id='word_1_189' title='bbox 847 2841 880 2882; x_wconf 89' lang='lat' dir='ltr'><strong>se</strong></span> <span class='ocrx_word' id='word_1_190' title='bbox 898 2822 1029 2899; x_wconf 90' lang='lat' dir='ltr'><strong>quisque</strong></span> <span class='ocrx_word' id='word_1_191' title='bbox 1046 2821 1160 2883; x_wconf 89' lang='lat' dir='ltr'><strong>tacitus</strong></span> <span class='ocrx_word' id='word_1_192' title='bbox 1179 2821 1304 2899; x_wconf 76' lang='lat' dir='ltr'><strong>exigat3</strong></span> <span class='ocrx_word' id='word_1_193' title='bbox 1326 2824 1395 2886; x_wconf 87' lang='lat' dir='ltr'><strong>nisi</strong></span> <span class='ocrx_word' id='word_1_194' title='bbox 1412 2828 1501 2904; x_wconf 93' lang='lat' dir='ltr'><strong>quod</strong></span> <span class='ocrx_word' id='word_1_195' title='bbox 1515 2828 1600 2890; x_wconf 83' lang='lat' dir='ltr'><strong>fuerit</strong></span> 
     </span>
    </p>

    <p class='ocr_par' dir='ltr' id='par_1_8' title="bbox 361 2918 1599 3385">
     <span class='ocr_line' id='line_1_23' title="bbox 361 2918 1599 2997; baseline 0.006 -18"><span class='ocrx_word' id='word_1_196' title='bbox 361 2935 393 2987; x_wconf 70' lang='lat' dir='ltr'><strong>ao</strong></span> <span class='ocrx_word' id='word_1_197' title='bbox 404 2918 499 2980; x_wconf 89' lang='lat' dir='ltr'><strong>huius</strong></span> <span class='ocrx_word' id='word_1_198' title='bbox 511 2920 634 2997; x_wconf 86' lang='lat' dir='ltr'><strong>generis</strong></span> <span class='ocrx_word' id='word_1_199' title='bbox 647 2920 770 2995; x_wconf 85' lang='lat' dir='ltr'><strong>vitium,</strong></span> <span class='ocrx_word' id='word_1_200' title='bbox 787 2923 822 2981; x_wconf 86' lang='lat' dir='ltr'><strong>vt</strong></span> <span class='ocrx_word' id='word_1_201' title='bbox 838 2919 927 2980; x_wconf 86' lang='lat' dir='ltr'><strong>fallat</strong></span> <span class='ocrx_word' id='word_1_202' title='bbox 943 2918 1055 2979; x_wconf 73' lang='lat' dir='ltr'><strong>umbra</strong></span> <span class='ocrx_word' id='word_1_203' title='bbox 1070 2918 1233 2997; x_wconf 88' lang='lat' dir='ltr'><strong>specieque</strong></span> <span class='ocrx_word' id='word_1_204' title='bbox 1250 2920 1386 2997; x_wconf 80' lang='lat' dir='ltr'><strong>pietatis</strong></span> <span class='ocrx_word' id='word_1_205' title='bbox 1434 2924 1483 2986; x_wconf 82' lang='lat' dir='ltr'><strong>Ea</strong></span> <span class='ocrx_word' id='word_1_206' title='bbox 1499 2946 1599 2987; x_wconf 81' lang='lat' dir='ltr'><strong>eonue</strong></span> 
     </span>
     <span class='ocr_line' id='line_1_24' title="bbox 404 3016 1597 3098; baseline 0.006 -20"><span class='ocrx_word' id='word_1_207' title='bbox 404 3017 471 3079; x_wconf 90' lang='lat' dir='ltr'><strong>niet</strong></span> <span class='ocrx_word' id='word_1_208' title='bbox 497 3038 554 3080; x_wconf 89' lang='lat' dir='ltr'><strong>suo</strong></span> <span class='ocrx_word' id='word_1_209' title='bbox 575 3018 642 3080; x_wconf 91' lang='lat' dir='ltr'><strong>loco</strong></span> <span class='ocrx_word' id='word_1_210' title='bbox 667 3017 855 3079; x_wconf 91' lang='lat' dir='ltr'><strong>nominatim</strong></span> <span class='ocrx_word' id='word_1_211' title='bbox 880 3016 978 3078; x_wconf 88' lang='lat' dir='ltr'><strong>etiam</strong></span> <span class='ocrx_word' id='word_1_212' title='bbox 1003 3017 1140 3096; x_wconf 91' lang='lat' dir='ltr'><strong>prodere,</strong></span> <span class='ocrx_word' id='word_1_213' title='bbox 1166 3036 1206 3077; x_wconf 91' lang='lat' dir='ltr'><strong>ne</strong></span> <span class='ocrx_word' id='word_1_214' title='bbox 1233 3018 1306 3095; x_wconf 90' lang='lat' dir='ltr'><strong>quis</strong></span> <span class='ocrx_word' id='word_1_215' title='bbox 1333 3019 1489 3098; x_wconf 84' lang='lat' dir='ltr'><strong>deceptus</strong></span> <span class='ocrx_word' id='word_1_216' title='bbox 1516 3027 1597 3084; x_wconf 82' lang='lat' dir='ltr'><strong>erret</strong></span> 
     </span>
     <span class='ocr_line' id='line_1_25' title="bbox 405 3113 1599 3195; baseline 0.006 -20"><span class='ocrx_word' id='word_1_217' title='bbox 405 3115 496 3176; x_wconf 81' lang='lat' dir='ltr'><strong>Nunc</strong></span> <span class='ocrx_word' id='word_1_218' title='bbox 526 3116 676 3195; x_wconf 85' lang='lat' dir='ltr'><strong>quosdam</strong></span> <span class='ocrx_word' id='word_1_219' title='bbox 708 3116 815 3176; x_wconf 83' lang='lat' dir='ltr'><strong>videas</strong></span> <span class='ocrx_word' id='word_1_220' title='bbox 846 3136 885 3175; x_wconf 82' lang='lat' dir='ltr'><strong>ex</strong></span> <span class='ocrx_word' id='word_1_221' title='bbox 914 3114 1034 3176; x_wconf 86' lang='lat' dir='ltr'><strong>arcanis</strong></span> <span class='ocrx_word' id='word_1_222' title='bbox 1062 3113 1127 3175; x_wconf 86' lang='lat' dir='ltr'><strong>illis</strong></span> <span class='ocrx_word' id='word_1_223' title='bbox 1155 3114 1321 3176; x_wconf 90' lang='lat' dir='ltr'><strong>hominum</strong></span> <span class='ocrx_word' id='word_1_224' title='bbox 1355 3119 1599 3182; x_wconf 82' lang='lat' dir='ltr'><strong>confessionibm</strong></span> 
     </span>
     <span class='ocr_line' id='line_1_26' title="bbox 404 3211 1598 3290; baseline 0.008 -18"><span class='ocrx_word' id='word_1_225' title='bbox 404 3214 589 3290; x_wconf 89' lang='lat' dir='ltr'><strong>concionari,</strong></span> <span class='ocrx_word' id='word_1_226' title='bbox 612 3216 656 3275; x_wconf 88' lang='lat' dir='ltr'><strong>sic</strong></span> <span class='ocrx_word' id='word_1_227' title='bbox 677 3216 818 3275; x_wconf 89' lang='lat' dir='ltr'><strong>monstra</strong></span> <span class='ocrx_word' id='word_1_228' title='bbox 839 3212 990 3273; x_wconf 83' lang='lat' dir='ltr'><strong>vitiorum</strong></span> <span class='ocrx_word' id='word_1_229' title='bbox 1012 3211 1215 3290; x_wconf 82' lang='lat' dir='ltr'><strong>depingentes</strong></span> <span class='ocrx_word' id='word_1_230' title='bbox 1234 3216 1270 3273; x_wconf 84' lang='lat' dir='ltr'><strong>vt</strong></span> <span class='ocrx_word' id='word_1_231' title='bbox 1289 3213 1435 3289; x_wconf 80' lang='lat' dir='ltr'><strong>doceant,</strong></span> <span class='ocrx_word' id='word_1_232' title='bbox 1458 3219 1505 3279; x_wconf 91' lang='lat' dir='ltr'><strong>sic</strong></span> <span class='ocrx_word' id='word_1_233' title='bbox 1526 3219 1598 3280; x_wconf 78' lang='lat' dir='ltr'><strong>ime</strong></span> 
     </span>
     <span class='ocr_line' id='line_1_27' title="bbox 405 3309 1597 3385; baseline 0.003 -13"><span class='ocrx_word' id='word_1_234' title='bbox 405 3315 527 3372; x_wconf 90' lang='lat' dir='ltr'><strong>ctantes</strong></span> <span class='ocrx_word' id='word_1_235' title='bbox 543 3315 579 3372; x_wconf 86' lang='lat' dir='ltr'><strong>vt</strong></span> <span class='ocrx_word' id='word_1_236' title='bbox 591 3315 647 3372; x_wconf 91' lang='lat' dir='ltr'><strong>aut</strong></span> <span class='ocrx_word' id='word_1_237' title='bbox 660 3312 803 3372; x_wconf 90' lang='lat' dir='ltr'><strong>inuidere</strong></span> <span class='ocrx_word' id='word_1_238' title='bbox 822 3310 907 3371; x_wconf 89' lang='lat' dir='ltr'><strong>dicas</strong></span> <span class='ocrx_word' id='word_1_239' title='bbox 924 3313 981 3371; x_wconf 91' lang='lat' dir='ltr'><strong>aut</strong></span> <span class='ocrx_word' id='word_1_240' title='bbox 998 3309 1155 3371; x_wconf 86' lang='lat' dir='ltr'><strong>delectari.</strong></span> <span class='ocrx_word' id='word_1_241' title='bbox 1197 3310 1274 3385; x_wconf 76' lang='lat' dir='ltr'><strong>Quis</strong></span> <span class='ocrx_word' id='word_1_242' title='bbox 1291 3315 1401 3374; x_wconf 88' lang='lat' dir='ltr'><strong>autem</strong></span> <span class='ocrx_word' id='word_1_243' title='bbox 1420 3314 1545 3378; x_wconf 79' lang='lat' dir='ltr'><strong>fructus</strong></span> <span class='ocrx_word' id='word_1_244' title='bbox 1562 3316 1597 3377; x_wconf 89' lang='lat' dir='ltr'><strong>ait</strong></span> 
     </span>
    </p>

    <p class='ocr_par' dir='ltr' id='par_1_9' title="bbox 360 3407 1599 3880">
     <span class='ocr_line' id='line_1_28' title="bbox 360 3407 1599 3490; baseline 0.006 -21"><span class='ocrx_word' id='word_1_245' title='bbox 360 3427 392 3490; x_wconf 79' lang='lat'><strong>⁸5</strong></span> <span class='ocrx_word' id='word_1_246' title='bbox 405 3410 433 3469; x_wconf 90' lang='lat' dir='ltr'><strong>si</strong></span> <span class='ocrx_word' id='word_1_247' title='bbox 456 3410 526 3487; x_wconf 87' lang='lat' dir='ltr'><strong>quis</strong></span> <span class='ocrx_word' id='word_1_248' title='bbox 546 3413 707 3471; x_wconf 87' lang='lat' dir='ltr'><strong>enumeret</strong></span> <span class='ocrx_word' id='word_1_249' title='bbox 727 3413 805 3487; x_wconf 90' lang='lat' dir='ltr'><strong>quot</strong></span> <span class='ocrx_word' id='word_1_250' title='bbox 825 3407 928 3469; x_wconf 90' lang='lat' dir='ltr'><strong>modis</strong></span> <span class='ocrx_word' id='word_1_251' title='bbox 948 3411 1092 3485; x_wconf 88' lang='lat' dir='ltr'><strong>peccetur</strong></span> <span class='ocrx_word' id='word_1_252' title='bbox 1111 3408 1251 3482; x_wconf 90' lang='lat' dir='ltr'><strong>libidine,</strong></span> <span class='ocrx_word' id='word_1_253' title='bbox 1274 3409 1302 3469; x_wconf 90' lang='lat' dir='ltr'><strong>si</strong></span> <span class='ocrx_word' id='word_1_254' title='bbox 1323 3411 1398 3487; x_wconf 89' lang='lat' dir='ltr'><strong>quis</strong></span> <span class='ocrx_word' id='word_1_255' title='bbox 1418 3414 1599 3475; x_wconf 78' lang='lat' dir='ltr'><strong>vociferetur</strong></span> 
     </span>
     <span class='ocr_line' id='line_1_29' title="bbox 405 3505 1597 3585; baseline 0.005 -17"><span class='ocrx_word' id='word_1_256' title='bbox 405 3507 556 3569; x_wconf 89' lang='lat' dir='ltr'><strong>adulteris</strong></span> <span class='ocrx_word' id='word_1_257' title='bbox 582 3507 674 3585; x_wconf 90' lang='lat' dir='ltr'><strong>plena</strong></span> <span class='ocrx_word' id='word_1_258' title='bbox 700 3526 767 3568; x_wconf 87' lang='lat' dir='ltr'><strong>esse</strong></span> <span class='ocrx_word' id='word_1_259' title='bbox 795 3506 929 3568; x_wconf 77' lang='lat' dir='ltr'><strong>omnia?</strong></span> <span class='ocrx_word' id='word_1_260' title='bbox 979 3506 1079 3584; x_wconf 81' lang='lat' dir='ltr'><strong>Magis</strong></span> <span class='ocrx_word' id='word_1_261' title='bbox 1106 3505 1246 3567; x_wconf 84' lang='lat' dir='ltr'><strong>retulerit</strong></span> <span class='ocrx_word' id='word_1_262' title='bbox 1272 3509 1490 3572; x_wconf 88' lang='lat' dir='ltr'><strong>venerabilem</strong></span> <span class='ocrx_word' id='word_1_263' title='bbox 1516 3511 1597 3573; x_wconf 81' lang='lat' dir='ltr'><strong>illam</strong></span> 
     </span>
     <span class='ocr_line' id='line_1_30' title="bbox 406 3603 1599 3688; baseline 0.002 -21"><span class='ocrx_word' id='word_1_264' title='bbox 406 3606 556 3667; x_wconf 87' lang='lat' dir='ltr'><strong>castitatis</strong></span> <span class='ocrx_word' id='word_1_265' title='bbox 568 3605 738 3683; x_wconf 84' lang='lat' dir='ltr'><strong>imaginem</strong></span> <span class='ocrx_word' id='word_1_266' title='bbox 750 3604 883 3683; x_wconf 88' lang='lat' dir='ltr'><strong>pectoris</strong></span> <span class='ocrx_word' id='word_1_267' title='bbox 896 3603 996 3665; x_wconf 89' lang='lat' dir='ltr'><strong>oculis</strong></span> <span class='ocrx_word' id='word_1_268' title='bbox 1013 3603 1181 3665; x_wconf 86' lang='lat' dir='ltr'><strong>subiicere:</strong></span> <span class='ocrx_word' id='word_1_269' title='bbox 1201 3623 1297 3682; x_wconf 88' lang='lat' dir='ltr'><strong>quam</strong></span> <span class='ocrx_word' id='word_1_270' title='bbox 1313 3605 1371 3666; x_wconf 83' lang='lat' dir='ltr'><strong>vbi</strong></span> <span class='ocrx_word' id='word_1_271' title='bbox 1393 3611 1599 3688; x_wconf 78' lang='lat' dir='ltr'><strong>conspexisset</strong></span> 
     </span>
     <span class='ocr_line' id='line_1_31' title="bbox 405 3701 1597 3781; baseline 0.006 -18"><span class='ocrx_word' id='word_1_272' title='bbox 405 3703 613 3781; x_wconf 83' lang='lat' dir='ltr'><strong>Augustinus,</strong></span> <span class='ocrx_word' id='word_1_273' title='bbox 631 3702 703 3764; x_wconf 90' lang='lat' dir='ltr'><strong>ilico</strong></span> <span class='ocrx_word' id='word_1_274' title='bbox 717 3703 819 3781; x_wconf 89' lang='lat' dir='ltr'><strong>eoepit</strong></span> <span class='ocrx_word' id='word_1_275' title='bbox 832 3702 966 3763; x_wconf 85' lang='lat' dir='ltr'><strong>execrari</strong></span> <span class='ocrx_word' id='word_1_276' title='bbox 985 3701 1102 3763; x_wconf 81' lang='lat' dir='ltr'><strong>formas</strong></span> <span class='ocrx_word' id='word_1_277' title='bbox 1121 3721 1230 3776; x_wconf 86' lang='lat' dir='ltr'><strong>omnes</strong></span> <span class='ocrx_word' id='word_1_278' title='bbox 1248 3702 1439 3767; x_wconf 83' lang='lat' dir='ltr'><strong>inhonestae</strong></span> <span class='ocrx_word' id='word_1_279' title='bbox 1455 3707 1597 3770; x_wconf 79' lang='lat' dir='ltr'><strong>libidinis</strong></span> 
     </span>
     <span class='ocr_line' id='line_1_32' title="bbox 407 3800 1598 3880; baseline 0.007 -20"><span class='ocrx_word' id='word_1_280' title='bbox 407 3801 523 3861; x_wconf 91' lang='lat' dir='ltr'><strong>Itidem</strong></span> <span class='ocrx_word' id='word_1_281' title='bbox 535 3802 568 3861; x_wconf 91' lang='lat' dir='ltr'><strong>in</strong></span> <span class='ocrx_word' id='word_1_282' title='bbox 579 3801 715 3873; x_wconf 86' lang='lat' dir='ltr'><strong>caeteris,</strong></span> <span class='ocrx_word' id='word_1_283' title='bbox 727 3800 869 3880; x_wconf 89' lang='lat' dir='ltr'><strong>quisquis</strong></span> <span class='ocrx_word' id='word_1_284' title='bbox 882 3801 988 3860; x_wconf 90' lang='lat' dir='ltr'><strong>ardere</strong></span> <span class='ocrx_word' id='word_1_285' title='bbox 1002 3800 1137 3878; x_wconf 89' lang='lat' dir='ltr'><strong>coeperit</strong></span> <span class='ocrx_word' id='word_1_286' title='bbox 1150 3800 1394 3879; x_wconf 87' lang='lat' dir='ltr'><strong>pulcherrimam</strong></span> <span class='ocrx_word' id='word_1_287' title='bbox 1409 3804 1598 3867; x_wconf 78' lang='lat' dir='ltr'><strong>Christianae</strong></span> 
     </span>
    </p>

    <p class='ocr_par' dir='ltr' id='par_1_10' title="bbox 362 3898 1598 4073">
     <span class='ocr_line' id='line_1_33' title="bbox 362 3898 1598 3980; baseline 0.007 -23"><span class='ocrx_word' id='word_1_288' title='bbox 362 3898 531 3980; x_wconf 82' lang='lat' dir='ltr'><strong>90pietatis</strong></span> <span class='ocrx_word' id='word_1_289' title='bbox 558 3899 668 3973; x_wconf 88' lang='lat' dir='ltr'><strong>ideam,</strong></span> <span class='ocrx_word' id='word_1_290' title='bbox 694 3898 792 3960; x_wconf 90' lang='lat' dir='ltr'><strong>simul</strong></span> <span class='ocrx_word' id='word_1_291' title='bbox 816 3899 917 3959; x_wconf 91' lang='lat' dir='ltr'><strong>odisse</strong></span> <span class='ocrx_word' id='word_1_292' title='bbox 940 3898 1055 3976; x_wconf 88' lang='lat' dir='ltr'><strong>incipit</strong></span> <span class='ocrx_word' id='word_1_293' title='bbox 1077 3898 1225 3976; x_wconf 91' lang='lat' dir='ltr'><strong>quicquid</strong></span> <span class='ocrx_word' id='word_1_294' title='bbox 1249 3898 1288 3959; x_wconf 99' lang='lat' dir='ltr'><strong>ab</strong></span> <span class='ocrx_word' id='word_1_295' title='bbox 1315 3898 1375 3961; x_wconf 88' lang='lat' dir='ltr'><strong>hac</strong></span> <span class='ocrx_word' id='word_1_296' title='bbox 1399 3904 1521 3965; x_wconf 82' lang='lat' dir='ltr'><strong>viderit</strong></span> <span class='ocrx_word' id='word_1_297' title='bbox 1546 3904 1598 3965; x_wconf 77' lang='lat' dir='ltr'><strong>dis</strong></span> 
     </span>
     <span class='ocr_line' id='line_1_34' title="bbox 407 4016 539 4073; baseline 0 -16"><span class='ocrx_word' id='word_1_298' title='bbox 407 4016 539 4073; x_wconf 89' lang='lat' dir='ltr'><strong>crepare.</strong></span> 
     </span>
    </p>

    <p class='ocr_par' dir='ltr' id='par_1_11' title="bbox 406 4090 1600 4368">
     <span class='ocr_line' id='line_1_35' title="bbox 447 4090 1600 4172; baseline 0.006 -18"><span class='ocrx_word' id='word_1_299' title='bbox 447 4093 512 4154; x_wconf 84' lang='lat' dir='ltr'><strong>Nec</strong></span> <span class='ocrx_word' id='word_1_300' title='bbox 525 4094 607 4154; x_wconf 92' lang='lat' dir='ltr'><strong>mihi</strong></span> <span class='ocrx_word' id='word_1_301' title='bbox 617 4093 789 4172; x_wconf 87' lang='lat' dir='ltr'><strong>probantur</strong></span> <span class='ocrx_word' id='word_1_302' title='bbox 798 4092 852 4153; x_wconf 89' lang='lat' dir='ltr'><strong>isti</strong></span> <span class='ocrx_word' id='word_1_303' title='bbox 858 4092 926 4171; x_wconf 87' lang='lat' dir='ltr'><strong>qui,</strong></span> <span class='ocrx_word' id='word_1_304' title='bbox 938 4112 999 4171; x_wconf 90' lang='lat' dir='ltr'><strong>quo</strong></span> <span class='ocrx_word' id='word_1_305' title='bbox 1013 4090 1074 4151; x_wconf 88' lang='lat' dir='ltr'><strong>sibi</strong></span> <span class='ocrx_word' id='word_1_306' title='bbox 1088 4092 1311 4154; x_wconf 88' lang='lat' dir='ltr'><strong>sanctimoniae</strong></span> <span class='ocrx_word' id='word_1_307' title='bbox 1321 4094 1443 4156; x_wconf 84' lang='lat' dir='ltr'><strong>famam</strong></span> <span class='ocrx_word' id='word_1_308' title='bbox 1454 4104 1600 4160; x_wconf 76' lang='lat' dir='ltr'><strong>venentiu</strong></span> 
     </span>
     <span class='ocr_line' id='line_1_36' title="bbox 406 4189 1599 4273; baseline 0.003 -20"><span class='ocrx_word' id='word_1_309' title='bbox 406 4193 488 4271; x_wconf 89' lang='lat' dir='ltr'><strong>apud</strong></span> <span class='ocrx_word' id='word_1_310' title='bbox 498 4191 700 4270; x_wconf 86' lang='lat' dir='ltr'><strong>plebeculam,</strong></span> <span class='ocrx_word' id='word_1_311' title='bbox 712 4190 859 4252; x_wconf 89' lang='lat' dir='ltr'><strong>seditiose</strong></span> <span class='ocrx_word' id='word_1_312' title='bbox 868 4191 1079 4252; x_wconf 80' lang='lat' dir='ltr'><strong>vociferantur</strong></span> <span class='ocrx_word' id='word_1_313' title='bbox 1089 4189 1123 4250; x_wconf 90' lang='lat' dir='ltr'><strong>in</strong></span> <span class='ocrx_word' id='word_1_314' title='bbox 1133 4190 1347 4269; x_wconf 89' lang='lat' dir='ltr'><strong>episcoporum</strong></span> <span class='ocrx_word' id='word_1_315' title='bbox 1359 4196 1417 4253; x_wconf 92' lang='lat' dir='ltr'><strong>aut</strong></span> <span class='ocrx_word' id='word_1_316' title='bbox 1427 4196 1599 4273; x_wconf 88' lang='lat' dir='ltr'><strong>principum</strong></span> 
     </span>
     <span class='ocr_line' id='line_1_37' title="bbox 406 4287 1599 4368; baseline 0.003 -17"><span class='ocrx_word' id='word_1_317' title='bbox 406 4290 504 4351; x_wconf 86' lang='lat' dir='ltr'><strong>vitia:</strong></span> <span class='ocrx_word' id='word_1_318' title='bbox 533 4290 587 4368; x_wconf 89' lang='lat' dir='ltr'><strong>qui</strong></span> <span class='ocrx_word' id='word_1_319' title='bbox 608 4290 798 4351; x_wconf 88' lang='lat' dir='ltr'><strong>clamoribus</strong></span> <span class='ocrx_word' id='word_1_320' title='bbox 817 4287 999 4350; x_wconf 79' lang='lat' dir='ltr'><strong>hrriusmodi</strong></span> <span class='ocrx_word' id='word_1_321' title='bbox 1023 4287 1124 4366; x_wconf 89' lang='lat' dir='ltr'><strong>magis</strong></span> <span class='ocrx_word' id='word_1_322' title='bbox 1147 4288 1243 4348; x_wconf 88' lang='lat' dir='ltr'><strong>etiam</strong></span> <span class='ocrx_word' id='word_1_323' title='bbox 1265 4288 1444 4365; x_wconf 86' lang='lat' dir='ltr'><strong>irritantur,</strong></span> <span class='ocrx_word' id='word_1_324' title='bbox 1465 4313 1539 4356; x_wconf 91' lang='lat' dir='ltr'><strong>oum</strong></span> <span class='ocrx_word' id='word_1_325' title='bbox 1557 4294 1599 4354; x_wconf 93' lang='lat' dir='ltr'><strong>ad·</strong></span> 
     </span>
    </p>

    <p class='ocr_par' dir='ltr' id='par_1_12' title="bbox 362 4385 1598 4860">
     <span class='ocr_line' id='line_1_38' title="bbox 362 4385 1597 4469; baseline 0.002 -21"><span class='ocrx_word' id='word_1_326' title='bbox 362 4420 393 4469; x_wconf 82' lang='lat'><strong>95</strong></span> <span class='ocrx_word' id='word_1_327' title='bbox 406 4389 581 4450; x_wconf 89' lang='lat' dir='ltr'><strong>monitione</strong></span> <span class='ocrx_word' id='word_1_328' title='bbox 608 4385 805 4465; x_wconf 85' lang='lat' dir='ltr'><strong>tempestiua,</strong></span> <span class='ocrx_word' id='word_1_329' title='bbox 828 4386 968 4447; x_wconf 87' lang='lat' dir='ltr'><strong>modesta</strong></span> <span class='ocrx_word' id='word_1_330' title='bbox 989 4385 1136 4463; x_wconf 89' lang='lat' dir='ltr'><strong>ciuilique</strong></span> <span class='ocrx_word' id='word_1_331' title='bbox 1156 4405 1378 4463; x_wconf 84' lang='lat' dir='ltr'><strong>saepenumero</strong></span> <span class='ocrx_word' id='word_1_332' title='bbox 1398 4391 1597 4469; x_wconf 87' lang='lat' dir='ltr'><strong>corrigantur.</strong></span> 
     </span>
     <span class='ocr_line' id='line_1_39' title="bbox 407 4483 1596 4563; baseline 0.003 -16"><span class='ocrx_word' id='word_1_333' title='bbox 407 4487 467 4547; x_wconf 83' lang='lat' dir='ltr'><strong>Eat</strong></span> <span class='ocrx_word' id='word_1_334' title='bbox 479 4489 510 4546; x_wconf 89' lang='lat' dir='ltr'><strong>et</strong></span> <span class='ocrx_word' id='word_1_335' title='bbox 523 4486 633 4563; x_wconf 92' lang='lat' dir='ltr'><strong>pietati</strong></span> <span class='ocrx_word' id='word_1_336' title='bbox 646 4505 704 4545; x_wconf 93' lang='lat' dir='ltr'><strong>sua</strong></span> <span class='ocrx_word' id='word_1_337' title='bbox 716 4483 852 4558; x_wconf 90' lang='lat' dir='ltr'><strong>libertas,</strong></span> <span class='ocrx_word' id='word_1_338' title='bbox 865 4484 920 4544; x_wconf 87' lang='lat' dir='ltr'><strong>sed</strong></span> <span class='ocrx_word' id='word_1_339' title='bbox 933 4502 1097 4561; x_wconf 89' lang='lat' dir='ltr'><strong>nunquam</strong></span> <span class='ocrx_word' id='word_1_340' title='bbox 1110 4502 1175 4544; x_wconf 93' lang='lat' dir='ltr'><strong>non</strong></span> <span class='ocrx_word' id='word_1_341' title='bbox 1186 4484 1311 4543; x_wconf 88' lang='lat' dir='ltr'><strong>condita</strong></span> <span class='ocrx_word' id='word_1_342' title='bbox 1323 4484 1422 4547; x_wconf 89' lang='lat' dir='ltr'><strong>melle</strong></span> <span class='ocrx_word' id='word_1_343' title='bbox 1432 4487 1596 4550; x_wconf 81' lang='lat' dir='ltr'><strong>charitatis</strong></span> 
     </span>
     <span class='ocr_line' id='line_1_40' title="bbox 407 4581 1598 4665; baseline 0.002 -21"><span class='ocrx_word' id='word_1_344' title='bbox 407 4585 515 4661; x_wconf 82' lang='lat' dir='ltr'><strong>Quoad</strong></span> <span class='ocrx_word' id='word_1_345' title='bbox 538 4584 611 4645; x_wconf 88' lang='lat' dir='ltr'><strong>lieet</strong></span> <span class='ocrx_word' id='word_1_346' title='bbox 634 4584 824 4661; x_wconf 80' lang='lat' dir='ltr'><strong>parcendum</strong></span> <span class='ocrx_word' id='word_1_347' title='bbox 849 4585 897 4643; x_wconf 89' lang='lat' dir='ltr'><strong>est</strong></span> <span class='ocrx_word' id='word_1_348' title='bbox 921 4582 962 4642; x_wconf 89' lang='lat' dir='ltr'><strong>iis</strong></span> <span class='ocrx_word' id='word_1_349' title='bbox 985 4581 1040 4660; x_wconf 92' lang='lat' dir='ltr'><strong>qui</strong></span> <span class='ocrx_word' id='word_1_350' title='bbox 1061 4600 1185 4643; x_wconf 89' lang='lat' dir='ltr'><strong>summa</strong></span> <span class='ocrx_word' id='word_1_351' title='bbox 1211 4581 1399 4660; x_wconf 87' lang='lat' dir='ltr'><strong>publicaque</strong></span> <span class='ocrx_word' id='word_1_352' title='bbox 1428 4586 1598 4665; x_wconf 80' lang='lat' dir='ltr'><strong>funguntur</strong></span> 
     </span>
     <span class='ocr_line' id='line_1_41' title="bbox 407 4678 1597 4763; baseline 0.002 -22"><span class='ocrx_word' id='word_1_353' title='bbox 407 4682 582 4743; x_wconf 84' lang='lat' dir='ltr'><strong>autoritate.</strong></span> <span class='ocrx_word' id='word_1_354' title='bbox 626 4682 661 4743; x_wconf 81' lang='lat' dir='ltr'><strong>si</strong></span> <span class='ocrx_word' id='word_1_355' title='bbox 681 4701 729 4741; x_wconf 88' lang='lat' dir='ltr'><strong>res</strong></span> <span class='ocrx_word' id='word_1_356' title='bbox 751 4683 857 4759; x_wconf 85' lang='lat' dir='ltr'><strong>poscet</strong></span> <span class='ocrx_word' id='word_1_357' title='bbox 877 4679 1049 4754; x_wconf 87' lang='lat' dir='ltr'><strong>saeuitiam,</strong></span> <span class='ocrx_word' id='word_1_358' title='bbox 1074 4679 1173 4757; x_wconf 87' lang='lat' dir='ltr'><strong>magis</strong></span> <span class='ocrx_word' id='word_1_359' title='bbox 1198 4678 1400 4740; x_wconf 86' lang='lat' dir='ltr'><strong>saeuiendum</strong></span> <span class='ocrx_word' id='word_1_360' title='bbox 1424 4682 1460 4744; x_wconf 93' lang='lat' dir='ltr'><strong>in</strong></span> <span class='ocrx_word' id='word_1_361' title='bbox 1481 4682 1597 4763; x_wconf 87' lang='lat' dir='ltr'><strong>eosqui</strong></span> 
     </span>
     <span class='ocr_line' id='line_1_42' title="bbox 407 4776 1596 4860; baseline 0.001 -20"><span class='ocrx_word' id='word_1_362' title='bbox 407 4780 602 4857; x_wconf 90' lang='lat' dir='ltr'><strong>pontificum,</strong></span> <span class='ocrx_word' id='word_1_363' title='bbox 626 4779 840 4857; x_wconf 90' lang='lat' dir='ltr'><strong>episcoporum</strong></span> <span class='ocrx_word' id='word_1_364' title='bbox 860 4780 915 4838; x_wconf 85' lang='lat' dir='ltr'><strong>aut</strong></span> <span class='ocrx_word' id='word_1_365' title='bbox 935 4776 1113 4854; x_wconf 91' lang='lat' dir='ltr'><strong>principum</strong></span> <span class='ocrx_word' id='word_1_366' title='bbox 1133 4776 1237 4838; x_wconf 89' lang='lat' dir='ltr'><strong>titulis</strong></span> <span class='ocrx_word' id='word_1_367' title='bbox 1256 4777 1295 4838; x_wconf 91' lang='lat' dir='ltr'><strong>ad</strong></span> <span class='ocrx_word' id='word_1_368' title='bbox 1319 4797 1393 4839; x_wconf 86' lang='lat' dir='ltr'><strong>suas</strong></span> <span class='ocrx_word' id='word_1_369' title='bbox 1417 4782 1596 4860; x_wconf 81' lang='lat' dir='ltr'><strong>cupiditates</strong></span> 
     </span>
    </p>

    <p class='ocr_par' dir='ltr' id='par_1_13' title="bbox 348 4874 1593 4956">
     <span class='ocr_line' id='line_1_43' title="bbox 348 4874 1593 4956; baseline 0 -18"><span class='ocrx_word' id='word_1_370' title='bbox 348 4909 394 4946; x_wconf 80' lang='lat'><strong>100</strong></span> <span class='ocrx_word' id='word_1_371' title='bbox 407 4878 590 4953; x_wconf 88' lang='lat' dir='ltr'><strong>abutuntur,</strong></span> <span class='ocrx_word' id='word_1_372' title='bbox 616 4896 709 4956; x_wconf 90' lang='lat' dir='ltr'><strong>quam</strong></span> <span class='ocrx_word' id='word_1_373' title='bbox 737 4878 772 4937; x_wconf 92' lang='lat' dir='ltr'><strong>in</strong></span> <span class='ocrx_word' id='word_1_374' title='bbox 799 4876 884 4954; x_wconf 81' lang='lat' dir='ltr'><strong>ipsos</strong></span> <span class='ocrx_word' id='word_1_375' title='bbox 907 4893 1055 4953; x_wconf 88' lang='lat' dir='ltr'><strong>proceres.</strong></span> <span class='ocrx_word' id='word_1_376' title='bbox 1109 4874 1173 4934; x_wconf 81' lang='lat' dir='ltr'><strong>Nec</strong></span> <span class='ocrx_word' id='word_1_377' title='bbox 1200 4878 1321 4936; x_wconf 85' lang='lat' dir='ltr'><strong>temere</strong></span> <span class='ocrx_word' id='word_1_378' title='bbox 1339 4878 1593 4943; x_wconf 89' lang='lat' dir='ltr'><strong>saeuiendumin</strong></span> 
     </span>
    </p>

    <p class='ocr_par' dir='ltr' id='par_1_14' title="bbox 838 4996 1168 5061">
     <span class='ocr_line' id='line_1_44' title="bbox 838 4996 1168 5061; baseline -0.003 -16"><span class='ocrx_word' id='word_1_379' title='bbox 838 4999 879 5060; x_wconf 85' lang='lat'><strong>85.</strong></span> <span class='ocrx_word' id='word_1_380' title='bbox 897 4999 963 5061; x_wconf 91' lang='lat' dir='ltr'><strong>quet</strong></span> <span class='ocrx_word' id='word_1_381' title='bbox 974 5000 1022 5045; x_wconf 72' lang='grc' dir='ltr'><strong>ΕΗ</strong></span> <span class='ocrx_word' id='word_1_382' title='bbox 1032 5014 1039 5045; x_wconf 85' lang='lat'><strong>:</strong></span> <span class='ocrx_word' id='word_1_383' title='bbox 1055 4996 1128 5058; x_wconf 87' lang='lat' dir='ltr'><strong>quod</strong></span> <span class='ocrx_word' id='word_1_384' title='bbox 1140 5001 1168 5045; x_wconf 82' lang='lat' dir='ltr'><strong>F.</strong></span> 
     </span>
    </p>
   </div>
   <div class='ocr_carea' id='block_1_3' title="bbox 0 0 1938 6034">
    <p class='ocr_par' dir='ltr' id='par_1_15' title="bbox 0 0 1938 6034">
     <span class='ocr_line' id='line_1_45' title="bbox 0 0 1938 6034; baseline 0 6"><span class='ocrx_word' id='word_1_385' title='bbox 0 0 1938 6034; x_wconf 95' lang='lat' dir='ltr'><strong> </strong></span> 
     </span>
    </p>
   </div>
  </div>
 </body>
</html>
