3867 6034
487 700 549 759 542
836 698 1029 760 LETTERS
1056 699 1111 761 OF
1141 698 1342 759 ERASMUS
1608 692 1708 777 [15¹⁹

486 856 616 917 vitiatus
635 860 683 916 est
703 855 808 917 afflatu
834 857 973 917 Saturni.
1018 855 1157 917 Proinde
1181 855 1302 916 malum
1322 855 1381 915 hoo
1402 854 1618 933 potissimum
1639 854 1711 915 illos

488 954 607 1014 afficere
627 949 682 1032 qui
702 954 856 1015 Mercurio
882 954 1043 1029 subsunt;
1072 955 1155 1014 inter
1179 973 1258 1031 quos
1282 952 1450 1013 nominant
1474 952 1709 1014 Louanienses

488 1051 652 1128 Siquidem
660 1051 736 1112 haec
744 1051 1025 1129 academiamqua
1034 1050 1294 1131 tranquillissime
1302 1050 1405 1110 solent
1413 1048 1710 1113 florereliterarum

488 1147 601 1223 studia,
616 1148 707 1209 miris
720 1149 911 1210 tumultibus
924 1149 1043 1227 agitata
1055 1152 1111 1224 est,
1126 1152 1163 1211 vt
1176 1168 1235 1225 ego
1249 1152 1331 1209 certe
1345 1148 1427 1209 nihil
1441 1167 1592 1225 unquam
1607 1148 1711 1210 simile

446 1265 476 1315 ²5
489 1247 624 1309 viderim
651 1248 685 1307 in
713 1247 786 1307 vita
832 1248 974 1308 Dixisses
1001 1250 1087 1309 Aten
1115 1249 1298 1326 quampiam
1327 1247 1454 1308 turbare
1484 1248 1710 1309 studiosorum

489 1345 660 1424 negotium.

531 1444 696 1504 Caeterum
711 1444 787 1520 quid
803 1443 947 1503 diuinent
961 1442 1121 1522 astrologi,
1132 1443 1194 1521 ἱρά
1208 1443 1356 1505 viderint.
1400 1442 1475 1520 Ego,
1487 1444 1517 1502 si
1532 1445 1617 1521 quid
1631 1443 1711 1504 mihi

490 1543 575 1604 nans
596 1545 653 1618 est,
675 1540 811 1603 arbitror
834 1562 900 1602 rem
921 1562 941 1602 a
960 1542 1134 1603 coniuratis
1155 1562 1191 1602 ac
1212 1541 1335 1603 deuotis
1355 1560 1394 1600 ex
1415 1542 1597 1618 composito
1624 1542 1711 1621 geri:

489 1642 567 1702 adeo
581 1660 637 1700 ceu
652 1639 725 1701 dato
739 1640 829 1715 signo
843 1639 1014 1701 clamatum
1026 1643 1075 1701 est
1084 1639 1201 1718 vbique
1212 1640 1356 1716 gentium
1368 1639 1403 1697 in
1413 1637 1545 1716 linguas
1558 1660 1598 1700 ao
1613 1640 1710 1700 bonas

447 1756 478 1805 30
490 1740 606 1801 literas.
648 1738 894 1816 conglomerant
917 1758 951 1798 se
974 1737 1154 1816 phalanges,
1177 1759 1239 1816 quo
1260 1737 1310 1798 vel
1335 1756 1468 1798 numero
1492 1737 1709 1799 defendantur

491 1839 642 1899 aduersus
663 1856 789 1914 paucos
834 1835 1024 1897 Partiuntur
1047 1855 1156 1914 operas
1181 1838 1266 1896 inter
1286 1855 1328 1910 se,
1350 1838 1386 1894 vt
1411 1834 1467 1895 alii
1490 1834 1657 1897 blaterant
1677 1836 1708 1895 in

491 1935 647 1998 conuiuiis
667 1938 700 1995 et
720 1934 943 2009 conciliabulis,
959 1933 1016 1996 alii
1036 1935 1119 2013 apud
1140 1935 1322 2012 imperitam
1341 1932 1467 2010 plebem
1480 1935 1706 2007 vociferentur,

492 2036 542 2095 oui
556 2039 716 2111 imponere
729 2032 915 2093 facillimum
928 2036 977 2094 est
984 2053 992 2105 ;
1013 2032 1068 2093 alii
1079 2033 1243 2111 disputent
1250 2034 1285 2093 in
1296 2031 1419 2106 scholis,
1429 2031 1484 2092 alii
1500 2033 1707 2110 magnatibus

492 2151 587 2195 suum
611 2131 700 2192 virus
726 2131 883 2191 instillent
912 2132 947 2191 in
975 2151 1093 2193 aurem.
1135 2132 1218 2192 Sunt
1242 2134 1275 2192 et
1302 2131 1357 2208 qui
1384 2129 1483 2190 libros
1514 2132 1703 2209 scriptitent

448 2246 479 2296 3⁵
492 2228 677 2309 praesertim
709 2228 866 2298 Coloniae,
894 2248 974 2305 quae
1003 2228 1110 2290 schola
1139 2228 1251 2289 habuit
1278 2247 1402 2304 semper
1436 2228 1706 2303 pertinacissimos

493 2329 648 2389 malarum
671 2327 833 2387 literarum
852 2331 1108 2405 propugnatores.
1151 2326 1239 2387 Exiit
1256 2347 1356 2405 nuper
1373 2327 1407 2387 in
1428 2326 1550 2403 vulgus
1570 2331 1606 2388 et
1628 2327 1704 2405 apud

493 2446 553 2488 nos
566 2426 707 2503 dialogus
721 2425 826 2486 Iacobi
837 2426 963 2486 Latomi
977 2425 1124 2503 theologi,
1133 2425 1195 2486 viri
1206 2424 1328 2502 pridem
1341 2444 1399 2484 nec
1414 2424 1592 2485 admodum
1607 2424 1706 2503 iniqui

493 2523 679 2585 melioribus
698 2523 806 2598 literis,
822 2526 855 2583 et
875 2523 970 2584 amici
989 2524 1066 2585 satis
1085 2524 1230 2585 candidi:
1252 2543 1311 2583 neo
1332 2522 1410 2583 satis
1429 2522 1609 2584 coniectare
1630 2542 1705 2601 queo

494 2642 574 2699 quae
594 2640 643 2681 res
663 2621 803 2680 hominis
823 2621 988 2694 ingenium
1008 2621 1114 2682 subito
1136 2621 1275 2682 verterit.
1318 2622 1401 2683 Sunt
1424 2620 1479 2699 qui
1504 2620 1706 2700 suspicentur

448 2720 611 2786 40bonam
637 2722 759 2797 partem
786 2718 899 2795 prioris
924 2718 1000 2779 libri
1029 2718 1206 2796 oppositam
1228 2719 1363 2779 orationi
1386 2722 1460 2778 tuae
1487 2738 1551 2796 qua
1581 2718 1706 2795 linguas

493 2817 673 2894 praedioas;
690 2815 744 2876 sed
758 2814 861 2874 multo
875 2816 1046 2877 maximam
1059 2819 1182 2894 partem
1196 2817 1322 2894 oblique
1336 2819 1454 2877 tortam
1469 2816 1504 2875 in
1519 2836 1582 2879 me.
1628 2816 1704 2878 Eam

493 2915 701 2993 suspitionem
729 2935 748 2975 a
775 2934 826 2974 me
854 2914 960 2991 depuli
985 2913 1092 2975 libello
1115 2915 1204 2976 bidui
1227 2916 1332 2977 labore
1356 2915 1455 2975 effuso
1477 2915 1586 2976 verius
1611 2934 1704 2993 quam

494 3013 630 3091 scripto;
651 3012 775 3091 pigebat
788 3012 875 3072 enim
891 3013 926 3072 in
939 3013 1123 3074 huiusmodi
1141 3014 1245 3075 neniis
1261 3013 1399 3073 multum
1416 3032 1529 3090 operae
1542 3013 1702 3074 collocare.

495 3111 560 3171 Nec
587 3112 646 3172 tibi
672 3131 745 3172 sum
772 3110 898 3171 iuturus
925 3114 1017 3172 autor
1043 3115 1080 3173 vt
1107 3111 1230 3173 homini
1257 3111 1466 3187 respondeas;
1495 3116 1550 3171 aut
1577 3112 1607 3171 si
1631 3111 1703 3188 quid

448 3227 480 3276 45
494 3210 672 3290 respondes,
687 3210 883 3288 argumentis
903 3229 971 3270 rem
992 3211 1099 3286 potius
1119 3229 1192 3286 agas
1212 3228 1308 3286 quam
1332 3208 1497 3269 conuitiis:
1519 3209 1703 3286 praesertim

494 3330 568 3372 cum
589 3309 644 3370 ille
666 3308 850 3386 temperarit
871 3330 890 3370 a
912 3309 1104 3384 nominibus,
1125 3329 1182 3369 nec
1205 3309 1377 3368 admodum
1399 3306 1559 3367 virulente
1581 3308 1702 3369 scribat.

495 3408 584 3485 Quod
613 3408 641 3468 si
669 3407 807 3468 maxime
834 3408 956 3480 faceret,
988 3410 1095 3467 tamen
1129 3407 1284 3467 suaserim
1319 3405 1437 3466 calamo
1472 3404 1642 3482 moderari,
1669 3411 1702 3464 rt

494 3507 662 3586 posteritas
682 3506 840 3584 intelligat
862 3526 921 3567 nos
944 3527 1010 3566 non
1034 3510 1159 3567 tantum
1181 3525 1274 3566 causa
1294 3524 1406 3564 verum
1429 3504 1525 3564 etiam
1551 3503 1703 3566 modestia

494 3607 592 3667 luisse
606 3606 789 3683 superiores.

450 3718 482 3769 50
536 3705 622 3766 Olim
636 3704 723 3763 furor
740 3704 880 3764 tributus
899 3707 947 3764 est
965 3702 1090 3779 postis;
1112 3722 1196 3763 nunc
1210 3702 1238 3762 is
1252 3702 1378 3763 videtur
1391 3702 1430 3761 ad
1443 3720 1498 3762 eos
1513 3701 1701 3781 demigrasse

495 3823 574 3880 quos
602 3802 740 3862 maxime
773 3801 901 3862 decebat
935 3803 1118 3879 σωφροσύνη.
1163 3801 1348 3878 Quanquam
1375 3800 1515 3860 immane
1547 3806 1701 3877 quantum

495 3902 626 3961 interest
647 3901 731 3961 iuter
750 3904 916 3977 poetarum
935 3905 967 3961 et
985 3901 1099 3961 horum
1117 3902 1266 3961 furorem.
1310 3898 1370 3959 Ille
1388 3898 1479 3958 nobis
1496 3902 1545 3959 tot
1563 3901 1703 3978 egregios

494 3999 593 4060 libros
620 4000 714 4075 dedit,
737 3998 776 4059 de
804 3999 898 4059 rebus
925 3999 1002 4059 olim
1030 3999 1137 4077 gestie,
1160 4000 1198 4059 de
1225 3997 1375 4073 moribus,
1402 3998 1441 4057 de
1468 3997 1644 4072 affectibus,
1668 3998 1703 4058 de

495 4097 669 4175 syderibus,
685 4096 723 4155 de
743 4096 864 4157 naturis
886 4096 1062 4172 herbarum,
1081 4096 1238 4171 arborum,
1257 4115 1465 4174 gemmarum,
1481 4095 1702 4168 animantium,

450 4212 482 4264 55
495 4198 533 4257 de
548 4199 611 4258 situ
626 4196 777 4257 locorum.
821 4195 873 4255 Ab
886 4195 1001 4256 horum
1015 4195 1119 4257 furore
1133 4199 1257 4274 praeter
1272 4195 1447 4257 virulentas
1461 4195 1515 4254 sed
1530 4195 1663 4274 frigidas
1674 4200 1703 4255 et

497 4294 629 4355 inutiles
653 4293 874 4371 sycophantias
894 4292 978 4353 nihil
1000 4295 1159 4370 nascitur;
1181 4294 1350 4371 inquibus
1372 4293 1443 4353 istis
1468 4296 1535 4353 tota
1560 4294 1704 4354 victoriae

531 4476 571 4511 aa.
589 4460 735 4509 nominant
746 4475 776 4506 a:
793 4460 941 4506 numerant
951 4462 983 4509 Ε.
1050 4472 1090 4518 25·
1109 4456 1332 4507 studiosoruma:
1352 4457 1505 4506 studiorum
1515 4461 1546 4506 Ε.
1617 4474 1658 4522 η
1676 4474 1704 4507 ac

497 4544 529 4577 a:
547 4529 577 4575 in
589 4530 620 4575 Ε.
704 4539 744 4585 31.
763 4539 791 4573 se
803 4540 837 4573 a:
854 4538 910 4572 sese
922 4527 952 4575 Ε.
1039 4538 1112 4584 ga-q.
1131 4527 1170 4572 B:
1187 4522 1245 4571 Alii
1257 4523 1331 4586 apud
1343 4560 1350 4573 .
1364 4561 1371 4574 .
1385 4558 1392 4571 .
1405 4522 1612 4574 vociferantur.
1625 4562 1632 4575 .
1646 4561 1653 4574 .
1665 4540 1702 4586 33

497 4592 555 4642 Alii
576 4592 748 4653 disputant.
769 4627 776 4640 .
797 4625 804 4638 .
828 4590 973 4639 Alii...
995 4603 1035 4649 34.
1058 4589 1199 4637 instillant
1222 4607 1245 4639 o.
1380 4604 1420 4650 34.
1444 4593 1485 4638 E:
1508 4589 1670 4652 scriptitant
1683 4608 1704 4638 o.

498 4662 541 4721 3⁶·
557 4655 632 4707 cN‘r
649 4656 784 4704 malorum
796 4653 831 4704 Ν1
841 4659 916 4703 Lond.
1018 4668 1058 4715 39.
1075 4656 1114 4702 E:
1131 4654 1304 4717 suspicantur
1314 4673 1337 4705 α.
1454 4668 1494 4715 45.
1515 4658 1703 4719 respondean:

498 4723 662 4787 respondeas
673 4725 704 4770 Ν.
805 4735 846 4782 5²
863 4719 969 4771 ntea:
986 4720 1042 4769 llla
1053 4738 1077 4771 a.

530 4886 570 4933 σε·
589 4871 675 4934 Aren]
693 4870 734 4920 ⁰¹·
751 4869 801 4933 Er·
821 4884 879 4932 sar·
901 4883 951 4932 ars
963 4883 1001 4933 a,
1022 4869 1077 4918 anu
1163 4869 1580 4933 ⁴2·d01>¹¹lil⁰f·EP·9³4·3n·

1194 4935 1284 5000 bidui]
1296 4935 1335 4985 Cf.
1348 4935 1397 4997 Ep.
1410 4950 1469 4997 952.
1480 4950 1521 4984 ao.

497 4952 574 5065 1³3}
592 5000 894 5066 Ultimilcfflhmb
908 5015 959 5063 sn·
1160 5000 1399 5066 47.suaserim]oc.
1412 5002 1472 5052 tibi.
