3867 6034
293 701 367 786 748]
551 705 669 768 ultori
696 706 967 769 PASOHASIUS
994 706 1232 771 BERSELIUS
1429 713 1488 773 188

330 859 394 920 Vbi
414 864 558 939 exempta
579 862 687 938 fames,
713 862 833 923 mensis
855 863 1017 940 epulisque
1041 864 1171 925 remotis
1192 868 1350 926 canuntur
1369 868 1489 945 superis

287 958 414 1034 gratiae,
444 959 615 1036 surgimus,
645 960 752 1020 ludere
779 963 948 1037 coeperunt
975 958 1032 1021 alii
1058 960 1180 1035 fritillo,
1208 962 1261 1022 alii
1293 961 1486 1025 latrunculis.

287 1055 390 1117 Vocor
402 1057 532 1118 interim
546 1058 585 1118 ad
600 1057 797 1136 principem3
819 1057 922 1118 multa
935 1058 981 1118 ibi
995 1059 1034 1118 de
1047 1061 1079 1118 te
1090 1058 1260 1120 honorifica
1268 1061 1486 1124 confabulatio.
1502 1082 1532 1134 35

287 1153 378 1216 Nihil
391 1158 423 1216 te
436 1176 501 1218 vno
514 1156 597 1233 apud
613 1155 708 1217 illum
721 1159 770 1218 est
783 1156 952 1233 antiquius.
997 1156 1091 1232 Cupit
1108 1159 1138 1217 tc
1152 1157 1257 1217 videre
1273 1161 1305 1218 et
1323 1160 1490 1238 complecti

286 1253 438 1328 medium,
453 1255 508 1315 sed
521 1257 557 1314 vt
574 1257 747 1332 parentem,
769 1255 823 1315 sed
836 1257 874 1314 rt
891 1273 1012 1315 numen
1026 1254 1184 1332 quoddam
1201 1275 1219 1315 e
1236 1256 1321 1316 coelo
1340 1258 1374 1318 in
1392 1261 1490 1320 terres

286 1351 458 1429 delapsum.
496 1352 542 1413 'le
554 1352 654 1414 literis
667 1354 706 1414 ad
720 1372 754 1413 se
768 1355 874 1427 vocat3
896 1352 1103 1412 nolitardare.
1142 1353 1329 1431 Pergratum
1339 1354 1490 1418 illifaeies

286 1450 315 1509 si
331 1469 437 1511 morae
455 1470 567 1511 omnes
579 1450 751 1528 abruperis.
795 1450 877 1511 Csue
890 1469 946 1527 per
959 1450 1064 1511 Deum
1079 1449 1291 1512 immortalem
1305 1472 1344 1514 ne
1358 1453 1488 1531 longum

286 1548 336 1608 tui
348 1548 513 1627 desyderio
526 1553 635 1610 tantus
647 1549 741 1610 heroe
755 1552 941 1627 torqueatur.
986 1548 1079 1609 Alius
1088 1551 1137 1608 est
1146 1567 1243 1625 quam
1253 1569 1331 1626 quos
1341 1551 1375 1611 in
1385 1551 1486 1627 Italia,
1501 1570 1533 1617 40

286 1644 399 1722 Gallia,
424 1647 598 1723 Britannia,
623 1648 735 1724 Sectis,
763 1647 932 1709 Germania
954 1646 1065 1706 vidisti
1092 1646 1259 1722 praesules
1314 1649 1386 1709 Non
1413 1654 1489 1712 sunt

286 1762 396 1805 omnes
416 1764 490 1806 cum
513 1745 572 1805 hoc
594 1745 793 1819 eonferendi;
825 1747 893 1805 siue
913 1745 1000 1805 enim
1022 1746 1143 1822 spectes
1163 1743 1263 1804 animi
1284 1745 1412 1807 diuitiae
1433 1767 1488 1809 seu

286 1842 424 1919 corporis
447 1842 535 1903 dotes
556 1863 612 1904 seu
634 1844 777 1904 fortunae
798 1842 888 1919 bona,
915 1861 1025 1903 omnes
1047 1841 1142 1918 longo
1163 1840 1328 1903 interuallo
1355 1847 1427 1921 post
1454 1864 1490 1905 se

285 1938 446 2016 relinquit
490 1940 638 2002 Vicissim
652 1941 713 2002 tibi
727 1942 862 2003 salutem
883 1941 1067 2002 adscribunt
1087 1959 1165 2017 quos
1179 1959 1234 2018 per
1246 1960 1297 2001 me
1311 1960 1412 2019 nuper
1424 1942 1489 2004 tuis

285 2037 388 2099 verbis
406 2038 528 2099 saluere
544 2039 673 2114 iussisti,
691 2039 909 2117 imprimisque
926 2038 1078 2116 Baptista,
1096 2037 1149 2115 qui
1165 2040 1197 2097 te
1216 2058 1280 2098 non
1299 2058 1388 2100 secus
1404 2045 1490 2102 amat
1501 2058 1532 2109 4⁵

284 2154 320 2195 ac
341 2140 472 2213 patrem.
514 2138 629 2213 Saluta,
657 2138 684 2197 si
712 2158 764 2199 me
791 2158 886 2210 amas
910 2138 1012 2198 filium
1042 2140 1134 2198 tuum
1162 2154 1197 2195 ac
1225 2156 1331 2198 meum
1359 2139 1487 2201 fratrem

286 2235 474 2313 Rutgerium
498 2236 667 2298 Raecium:
697 2239 831 2298 scribam
855 2237 904 2297 illi
928 2255 1000 2297 cum
1022 2255 1079 2312 per
1099 2236 1202 2295 otium
1225 2234 1357 2297 licuerit
1398 2239 1485 2311 Vale,

286 2332 448 2394 literarum
467 2334 571 2395 decus.
613 2334 647 2395 si
667 2336 742 2412 quid
762 2334 802 2395 ad
824 2334 1006 2412 Principem
1018 2333 1113 2404 voles,
1129 2335 1213 2394 recte
1227 2332 1301 2393 huie
1314 2335 1488 2397 sacrificulo

284 2431 487 2493 commiseris
531 2433 654 2494 Iterum
680 2432 759 2508 vale,
785 2453 803 2493 e
830 2432 943 2493 cellula
971 2435 1077 2493 nostra
1104 2430 1186 2508 apud
1229 2431 1382 2495 Leodium
1405 2442 1484 2499 tvrr.

287 2527 364 2589 Idus
377 2528 549 2591 Ianuarias
1500 2552 1533 2602 50

612 2754 686 2817 ⁷49.
731 2752 781 2816 Το
803 2750 899 2816 Jomr
920 2767 964 2816 or
987 2751 1156 2817 Louvsirr.

321 2887 465 2944 Deventer
477 2887 535 2944 MS.
548 2904 591 2958 91,
605 2887 625 2941 f.
641 2902 673 2957 77
687 2894 726 2944 νο.
1256 2891 1392 2949 Leurain.

321 2974 374 3031 LB.
387 2975 460 3047 App.
474 2991 535 3047 254·
1199 2994 1214 3033 2
1227 2978 1354 3050 January
1370 2981 1447 3049 1518.

318 3096 366 3160 [In
387 3097 458 3145 view
480 3096 511 3145 of
529 3097 578 3159 Ep.
604 3110 660 3157 739,
685 3094 776 3144 which
797 3096 921 3145 contains
942 3110 958 3143 a
975 3096 1081 3144 similar
1096 3096 1209 3146 defence
1228 3099 1258 3148 of
1271 3098 1318 3148 the
1333 3103 1419 3161 florio,
1436 3098 1485 3149 the

284 3164 454 3291 ffifffipt
468 3161 532 3211 date
548 3176 612 3225 may
625 3161 659 3210 bc
675 3159 807 3224 accepted.
841 3161 915 3211 John
933 3160 962 3209 of
976 3160 1098 3210 Louvain
1116 3164 1139 3211 is
1156 3166 1205 3211 not
1220 3163 1365 3213 otherwise
1383 3163 1484 3213 known

339 3359 550 3410 [Nummio
572 3361 673 3409 PATRI
698 3360 833 3408 DOMINO
855 3358 976 3406 IOANNI
999 3360 1022 3403 A
1046 3357 1202 3419 LOVANIO,
1225 3359 1424 3407 GVARDIANO

586 3462 829 3513 MINORITARVM
853 3463 891 3510 IN
913 3461 1175 3509 AMSTERLEDAM.

323 3588 354 3648 S.
367 3586 416 3662 P„
431 3587 615 3665 integerime
629 3586 733 3646 Pater.
760 3585 838 3645 Tam
847 3585 988 3658 amicam,
1000 3588 1066 3645 tam
1078 3586 1265 3663 prudentem
1280 3591 1319 3664 et,
1329 3591 1365 3648 vt
1378 3588 1485 3664 paucis

281 3684 691 3757 dicam,tam0hristianem
701 3681 948 3742 admonitionem
958 3684 1048 3742 tuam
1057 3702 1120 3742 non
1130 3683 1218 3759 potui
1229 3704 1293 3743 non
1302 3684 1483 3745 exosculari.

283 3783 328 3842 De
342 3781 441 3843 Moria
454 3782 570 3859 partim
589 3781 624 3841 in
643 3782 712 3858 ipsa
731 3781 836 3857 operia
855 3780 1047 3858 praefatione
1060 3780 1218 3841 satisfacio
1232 3781 1348 3853 lectori,
1366 3782 1482 3860 partim

282 3883 316 3940 in
330 3880 459 3957 epistola
479 3880 518 3939 ad
539 3879 702 3955 Dorpium,
721 3898 798 3955 quae
813 3897 897 3937 nunc
911 3876 1029 3938 Moriee
1049 3877 1167 3939 adiecta
1180 3882 1237 3939 est.
1281 3878 1363 3955 Quid
1377 3884 1483 3941 autem

282 3977 376 4038 facias
399 3977 439 4038 iis
466 3977 520 4054 qui
548 3976 645 4037 nullis
673 3975 848 4036 rationibus
875 3975 992 4051 placari
1020 3979 1160 4051 possunt,
1184 3976 1249 4036 imo
1278 3977 1332 4054 qui
1359 3977 1511 4055 magniss

283 4074 469 4135 clamoribus
481 4074 633 4135 damnant
653 4074 734 4151 quod
756 4092 921 4149 nunquam
937 4071 1109 4149 legerunt?
1151 4072 1239 4133 Nulli
1253 4073 1340 4134 enim
1354 4074 1483 4135 omnino

283 4174 420 4234 clamant
430 4174 578 4234 insanius.
620 4173 654 4233 Si
663 4171 864 4249 praescissem
872 4170 950 4231 istos
961 4174 1120 4247 tantopere
1131 4172 1341 4247 offendendos,
1354 4173 1484 4233 fortasse

285 4291 441 4332 curassem
462 4290 540 4348 opus
561 4272 788 4347 premendum
820 4288 890 4329 sum
920 4269 1006 4328 enim
1027 4269 1085 4329 hoe
1111 4270 1218 4330 animo
1240 4273 1284 4346 vt,
1310 4271 1338 4330 si
1360 4289 1482 4348 queam,

285 4370 430 4430 omuibus
444 4370 564 4447 placere
578 4369 711 4447 cupiam,
728 4371 883 4447 quatenus
893 4364 925 4426 id
934 4367 1025 4427 liceat
1039 4367 1118 4427 citra
1130 4367 1351 4428 adulationem.
1391 4367 1484 4428 Nune

393 4533 448 4582 748
467 4549 507 4593 44.
526 4546 574 4594 per
584 4535 641 4580 odd.
655 4535 682 4578 F.
781 4545 821 4591 47.
842 4529 990 4590 liutgerum
1002 4529 1035 4577 12¹
1047 4529 1373 4592 (RutgerusDtnmorp.).

317 4666 374 4715 748.
391 4680 432 4725 33.
455 4667 579 4728 exempta
598 4663 695 4726 fames]
719 4663 759 4712 cf.
778 4662 858 4723 Verg.
940 4675 981 4722 41.
998 4661 1166 4725 Scotia]1³¹or
1186 4660 1323 4710 Erasmus'
1342 4662 1481 4723 acquaint-

285 4738 344 4781 Aen.
361 4747 381 4781 1.
394 4733 451 4779 216.
908 4741 975 4776 auce
986 4728 1054 4775 with
1066 4727 1185 4776 Scottish
1197 4728 1306 4789 bishops
1317 4728 1378 4791 (but
1390 4731 1438 4777 not
1450 4730 1481 4777 in

315 4812 356 4858 34.
376 4796 488 4860 fritillo]
506 4796 530 4844 A
550 4795 687 4844 dicebox:
706 4808 749 4840 see
765 4791 859 4857 lfayor
908 4791 1048 4853 scotland)
1062 4807 1106 4841 see
1119 4793 1185 4855 Epp.
1199 4795 1239 4853 48.
1252 4795 1313 4854 6ιι.,
1325 4797 1383 4854 604.
1397 4809 1452 4845 an.

285 4877 319 4910 on
329 4863 392 4912 Juv.
409 4877 447 4923 ¹4·
461 4876 484 4923 5.
940 4860 980 4917 46.
999 4857 1150 4921 filium]cr.
1162 4859 1216 4908 Eli.
1231 4872 1292 4920 1753
1308 4859 1357 4922 Ep.
1369 4861 1429 4922 674.
1440 4861 1480 4921 46.

337 4925 513 4990 latrunculis]
519 4926 725 4988 Draughtsmen,
732 4940 859 4989 orpawns
941 4925 998 4973 ua.
1012 4938 1036 4983 3.
1052 4923 1230 4989 praefatione]
1243 4925 1291 4988 Ep.
1305 4940 1361 4974 aaa.

285 4995 311 5041 at
328 4994 415 5044 cheae.
940 5006 965 5050 4.
981 4989 1106 5054 epistola]
1120 4990 1168 5052 Ep.
1181 5004 1237 5052 337.
