3867 6034
442 714 504 774 412
788 710 979 773 LETTERS
1005 710 1059 772 OF
1086 709 1286 773 ERASMUS
1544 705 1643 791 [1518

441 867 658 931 Christianum
672 867 824 929 Ouidium
837 868 1003 928 referunt?
1043 867 1102 929 cui
1115 866 1166 929 vel
1179 867 1215 927 in
1236 865 1375 926 oratione
1393 865 1497 927 soluta
1510 864 1643 943 contigit

440 985 477 1027 ea
489 965 622 1028 facilitas
636 985 714 1044 quae
728 964 787 1025 tibi
801 967 835 1025 in
849 965 938 1026 omni
950 964 1099 1026 carminis
1111 965 1248 1044 genere?
1288 963 1513 1042 Eloquentiam
1530 965 1644 1041 aequat

440 1064 597 1139 eruditio;
624 1066 657 1124 et
676 1068 835 1142 utrunque
855 1063 979 1124 decorat
999 1062 1179 1124 Christiana
1198 1060 1305 1139 pietas.
1349 1062 1419 1122 Iam
1443 1062 1478 1122 in
1503 1062 1643 1123 oratione

397 1182 429 1218 10
440 1181 532 1239 prosa
550 1162 624 1223 talis
643 1182 677 1222 es
694 1163 732 1221 vt
747 1162 870 1223 alienus
887 1181 906 1221 a
925 1161 1063 1222 carmine
1080 1159 1183 1221 videri
1200 1159 1309 1237 possis.
1354 1159 1507 1220 Ovenam
1521 1160 1642 1238 ingenii

440 1279 513 1321 vere
525 1262 670 1321 auream!
712 1259 777 1319 Nec
790 1278 810 1320 a
825 1258 900 1320 stilo
917 1278 1020 1320 mores
1038 1257 1217 1333 abhorrent,
1233 1256 1347 1336 quibus
1364 1258 1445 1319 nihil
1466 1258 1640 1333 candidius,

441 1357 523 1418 nihil
536 1358 721 1436 simplicius,
733 1356 815 1418 nihil
828 1360 1009 1435 potestesse
1022 1355 1141 1435 purius.
1187 1355 1269 1416 Rara
1281 1356 1360 1432 auis,
1372 1356 1488 1417 eximia
1501 1354 1644 1416 doctrina

440 1455 509 1515 sine
522 1456 695 1533 supercilio.
739 1455 819 1530 Quid
839 1457 982 1533 superest
995 1454 1177 1533 optandum,
1192 1454 1238 1513 mi
1252 1453 1432 1515 doctissime
1453 1454 1562 1528 Hesse,
1579 1454 1642 1515 nisi

440 1555 476 1613 vt
489 1554 621 1631 egregiis
633 1554 698 1614 tuis
711 1553 847 1627 dotibus,
863 1572 942 1631 quas
954 1552 1071 1630 partim
1085 1553 1149 1612 tuis
1162 1552 1288 1629 vigiliis,
1304 1553 1420 1629 partim
1437 1554 1522 1613 coelo
1536 1551 1639 1625 debes,

398 1673 409 1709 r
413 1676 427 1725 5
440 1651 566 1713 fortuna
576 1653 783 1729 respondeat?
817 1651 856 1713 Id
866 1652 959 1713 fietsi
971 1651 1158 1713 Germaniae
1171 1650 1329 1728 principes
1342 1650 1479 1728 ingeniis
1488 1650 1642 1711 honorem

439 1749 554 1811 habere
577 1751 745 1828 coeperint,
768 1756 801 1810 et
821 1748 950 1811 bellicae
971 1749 1087 1827 gloriae
1108 1750 1190 1809 hanc
1210 1768 1333 1827 quoque
1353 1748 1517 1809 meliorem
1538 1748 1643 1809 laudis

439 1848 616 1925 portionem
636 1848 846 1909 adiunxerint
897 1848 945 1908 Tu
966 1847 1048 1907 mihi
1068 1850 1153 1908 terra
1173 1847 1314 1924 marique
1335 1847 1486 1907 visendus
1509 1865 1584 1920 eras
1610 1849 1643 1906 et

440 1946 525 2006 vltro
533 1949 600 2006 tam
608 1945 764 2006 immenso
772 1947 901 2023 tamque
909 1946 1083 2024 periculoso
1091 1944 1204 2006 itinere
1214 1945 1382 2005 Erasmum
1393 1944 1474 2020 petit
1482 1944 1642 2015 Bolanus,

439 2043 683 2106 homuntionem
698 2043 825 2105 visurus
844 2044 928 2105 fama
946 2043 1095 2121 maligna,
1112 2043 1167 2103 sed
1188 2045 1295 2103 tamen
1313 2041 1372 2103 hac
1388 2042 1456 2119 ipsa
1473 2042 1639 2101 minorem

396 2164 428 2200 ιο
440 2141 521 2203 llihi
538 2145 604 2204 tam
620 2141 745 2219 insigne
763 2141 887 2202 lucrum
907 2142 1056 2219 gratulor,
1072 2141 1126 2219 qui
1142 2160 1215 2202 cum
1229 2139 1331 2201 Hesso
1352 2159 1423 2201 meo
1440 2143 1488 2200 tot
1501 2138 1643 2217 egregios

440 2240 558 2302 amicos
577 2238 805 2315 lucrifecerim
826 2243 915 2301 tuam
929 2240 1030 2301 vicem
1048 2239 1146 2315 doleo,
1161 2238 1216 2316 qui
1235 2241 1301 2299 tam
1318 2238 1383 2299 leui
1396 2238 1502 2299 fructu
1516 2241 1642 2298 tantum

440 2338 555 2400 laboris
575 2337 754 2415 susceperis.
796 2338 884 2399 Bene
903 2338 981 2413 vale,
1005 2338 1192 2398 Germaniae
1215 2339 1339 2396 nostrae
1362 2335 1414 2396 vel
1438 2335 1642 2413 praecipuum

440 2437 541 2497 decus
585 2435 729 2497 Lemnii.
745 2434 822 2496 xiiii
839 2436 902 2497 Oai.
921 2436 1090 2497 Nouembr.
1105 2453 1255 2496 ianm.

805 2647 878 2709 875.
922 2644 973 2708 Το
994 2642 1091 2709 Jonu
1114 2644 1273 2709 Wunrun

475 2739 597 2812 Farrago
609 2758 637 2811 p.
650 2755 695 2808 47.
1404 2744 1538 2801 Manain

475 2827 506 2883 11.
519 2846 548 2900 p.
561 2830 629 2885 218:
648 2826 718 2885 HN:
737 2828 826 2885 Lond.
838 2828 874 2883 iv.
888 2846 920 2900 3:
938 2829 994 2885 LB.
1008 2846 1069 2901 340.
1345 2844 1378 2901 19
1389 2829 1514 2889 October
1529 2834 1606 2903 1518.

472 2947 620 3011 [‘Ioannes
635 2948 669 2997 de
677 2948 794 3012 Werter‚
814 2950 930 2999 nobilis'
948 2950 1140 3001 matriculated
1154 2953 1183 3000 st
1197 2951 1292 3000 Erlurt
1307 2950 1484 3002 Michaelmas
1497 2966 1568 3015 1511,
1585 2954 1641 3003 and

440 3027 496 3064 was
515 3013 582 3063 BA.
604 3028 677 3077 1513,
699 3014 771 3064 M.
792 3027 864 3076 1511·
899 3015 1005 3078 During
1023 3016 1081 3065 this
1100 3016 1196 3078 period
1213 3016 1248 3065 he
1268 3017 1440 3068 contributed
1460 3033 1533 3068 some
1551 3033 1643 3069 verses

440 3080 471 3129 in
482 3079 570 3142 praise
582 3080 612 3128 oi
620 3080 665 3128 his
673 3083 782 3142 master,
792 3080 809 3129 J
811 3080 908 3130 odocus
919 3081 1048 3143 Textoris,
1059 3084 1088 3131 to
1098 3082 1146 3131 the
1155 3081 1258 3131 letters
1266 3083 1366 3132 second
1373 3083 1479 3132 edition
1487 3085 1517 3133 of
1522 3084 1643 3133 (tentali-

439 3145 506 3207 oius,
520 3145 622 3206 Etim-t,
636 3145 671 3195 ia
685 3145 778 3209 Malea
795 3159 858 3207 1515
870 3147 925 3209 (see
936 3162 962 3209 p.
976 3147 1046 3211 ⁴¹0)·
1083 3147 1126 3197 He
1138 3149 1328 3209 accompauied
1342 3148 1468 3198 Eobanus
1479 3152 1507 3199 to
1519 3149 1642 3199 Louvain

439 3210 488 3324 βοΐ.
498 3211 591 3261 Joach.
606 3210 784 3260 Camerarius*
794 3214 910 3261 Narratio
920 3217 948 3261 dc
958 3216 1063 3275 Euboico,
1077 3227 1148 3276 1553,
1162 3214 1194 3262 θ).
1207 3213 1262 3276 13⁶),
1274 3213 1330 3262 and
1344 3214 1483 3264 romained
1499 3216 1568 3264 with
1580 3216 1641 3265 him

452 3291 482 3325 or
500 3291 517 3326 s
535 3276 620 3326 while
635 3277 707 3326 atter
724 3277 790 3340 they
807 3278 938 3327 returned
954 3282 984 3327 to
1001 3277 1111 3339 Eritrrt;
1129 3292 1174 3327 see
1192 3277 1275 3329 EHE.
1294 3294 1321 3341 p.
1341 3293 1398 3342 217,
1416 3280 1506 3330 where
1526 3281 1641 3345 Kranae,

439 3345 472 3392 Η.
485 3346 606 3405 Eatenus,
620 3342 638 3393 i.
650 3343 699 3404 296
708 3358 748 3405 n.,
758 3347 874 3393 correcte
885 3343 934 3393 the
945 3343 1086 3405 year-date
1097 3347 1125 3393 to
1139 3343 1224 3407 1518]

688 3473 844 3522 ERASMVS
866 3474 989 3523 IOANNI
1011 3475 1205 3523 VVERTEEIO
1228 3475 1290 3525 SVO
1313 3476 1338 3523 S.
1356 3477 1389 3524 D.

479 3585 629 3657 Eovmms
643 3587 777 3648 antehac
790 3588 939 3665 putabam
954 3589 1128 3650 Germanos
1138 3588 1236 3649 armis
1247 3588 1401 3650 duntaxat
1410 3589 1641 3662 inuictosesse;

392 3725 394 3730 -
440 3702 525 3744 nunc
539 3684 630 3745 video
644 3684 734 3745 nulla
747 3685 783 3745 in
799 3705 833 3746 re
846 3705 912 3746 non
925 3705 995 3747 esse
1013 3686 1157 3761 inuictos,
1173 3688 1377 3765 posteaquam
1395 3690 1431 3747 tu
1449 3686 1490 3748 ab
1508 3686 1641 3749 Erasmo

439 3784 471 3841 et
485 3781 714 3843 valetudinario
728 3784 761 3842 et
774 3782 931 3844 scribendi
950 3782 1111 3844 laboribus
1127 3803 1208 3862 pene
1226 3785 1405 3846 exanimato
1424 3785 1531 3846 literas
1543 3786 1641 3847 etiam

442 3878 562 3940 ociosus
583 3884 766 3959 extorquere
789 3882 928 3958 potuisti.
971 3881 1085 3944 Verbis
1109 3883 1255 3962 consequi
1275 3903 1429 3962 nequeam
1449 3904 1544 3962 quam
1558 3885 1641 3946 mihi

409 3994 423 4043 5
439 3978 548 4054 gratus
569 3976 612 4037 sit
630 3980 706 4039 tuus
725 3978 761 4039 in
781 3998 832 4039 me
852 3982 918 4040 tam
938 3999 1112 4058 propensus
1131 3978 1276 4054 animus;
1297 3985 1328 4042 et
1342 3982 1464 4042 vtinam
1477 3982 1641 4043 affectibus

437 4074 503 4134 tuis
536 4076 722 4154 respondere
756 4076 870 4137 liceret.
925 4077 1027 4153 Magia
1067 4081 1176 4139 tamen
1215 4079 1466 4157 philosophicum
1506 4080 1643 4141 arbitror

439 4172 701 4234 moderatioribus
729 4174 892 4236 affectibus
918 4174 1036 4237 amicos
1063 4177 1217 4256 prosequi,
1245 4181 1277 4238 et
1306 4178 1504 4255 tempestiuis
1531 4178 1641 4240 officiis

436 4271 543 4332 adesse
570 4272 772 4349 potiusquam
800 4273 1041 4350 superuacaneis
1064 4292 1201 4335 onerare.
1246 4275 1375 4350 Quoties
1399 4275 1520 4335 laborat
1547 4276 1642 4337 amici

437 4368 530 4441 fama,
545 4367 667 4445 quoties
682 4369 792 4430 morbo
805 4373 964 4447 grauatur‚
982 4372 1104 4448 quoties
1116 4374 1186 4449 eget
1203 4372 1337 4450 pecunia
1354 4373 1409 4432 aut
1422 4371 1541 4449 alioqui
1554 4373 1641 4433 malo

392 4485 423 4521 10
438 4466 586 4544 quopiam
605 4466 767 4543 premitur,
783 4466 829 4527 ibi
848 4467 998 4528 conuenit
1010 4468 1147 4529 amicum
1167 4487 1264 4546 agere,
1281 4468 1402 4528 mederi
1414 4469 1443 4529 si
1456 4467 1567 4529 liceat:
1588 4470 1640 4530 sin

435 4562 552 4638 minus,
569 4563 709 4624 oratione
732 4582 768 4623 ac
792 4563 894 4625 literis
920 4563 1021 4625 lenire
1046 4564 1235 4626 molestiam.
1278 4565 1409 4643 Alioqui
1436 4565 1518 4643 quod
1547 4565 1640 4627 officii

436 4680 537 4739 genus
550 4664 599 4722 est
613 4662 697 4739 quod
710 4664 742 4722 et
757 4664 969 4739 praestantem
983 4662 1079 4724 laedit
1097 4682 1154 4724 neo
1168 4664 1199 4724 ei
1212 4663 1263 4724 cui
1280 4666 1458 4740 praestatur
1471 4664 1640 4741 quicquam

439 4759 590 4836 prodest?
630 4761 699 4820 Aut
709 4760 800 4838 quale
815 4765 864 4821 est
876 4762 935 4822 hoo
949 4761 1106 4839 imputare
1119 4761 1220 4823 amico
1232 4761 1266 4821 in
1281 4761 1505 4822 beneficiorum
1519 4762 1640 4822 ratione

438 4856 523 4917 vnde
549 4857 605 4917 ille
632 4857 714 4918 nihil
738 4859 871 4919 senserit
895 4859 1079 4921 commodi?
1120 4858 1173 4920 Sic
1198 4860 1325 4937 quidam
1347 4859 1421 4919 diuo
1446 4860 1559 4921 Iacobo
1584 4860 1639 4920 im·

738 5005 797 5055 874.
815 5019 838 5065 7.
855 5007 991 5069 contingit
1003 5010 1030 5057 0.
1130 5020 1171 5067 ²3·
1189 5019 1293 5057 ianm
1304 5007 1331 5059 β.
