3867 6034
393 696 452 755 162
741 691 931 754 LETTERS
957 691 1012 754 OF
1037 691 1238 752 Erasmus
1492 683 1588 770 [1517

391 872 448 927 ego
476 870 539 911 non
567 849 667 924 credo,
693 852 816 911 mutent
839 869 897 911 suo
923 848 1087 910 arbitratu.
1136 849 1219 910 Sunt
1243 850 1276 907 et
1304 846 1355 906 hic
1382 844 1534 924 theologi,
1558 848 1590 905 et

391 950 520 1010 fortasse
539 948 667 1026 quidam
684 968 796 1026 pamm
817 949 923 1027 aequi:
943 950 1157 1021 annotassent,
1173 946 1278 1024 siquid
1296 948 1380 1005 esset
1396 943 1586 1006 istiusmodi.

348 1061 381 1115 50
391 1046 453 1107 Vbi
467 1046 610 1125 relegero,
625 1046 757 1108 scribam
768 1047 908 1108 certiora

432 1144 619 1205 Bombasius
642 1164 763 1223 semper
785 1145 905 1205 amicus
933 1143 995 1204 fuit
1022 1144 1124 1221 magis
1147 1163 1241 1221 quam
1265 1142 1416 1203 blandus:
1448 1140 1589 1201 demiror

390 1245 496 1303 autem
523 1242 552 1302 si
577 1242 641 1302 iam
664 1243 780 1303 Romae
802 1242 919 1303 fastum
943 1241 1061 1302 didicit.
1103 1242 1223 1301 Paoeus
1244 1240 1310 1300 suis
1331 1239 1370 1299 od
1395 1258 1448 1298 me
1471 1236 1590 1298 litteris

391 1340 485 1400 iactat
502 1338 645 1401 libellum
658 1340 697 1400 de
713 1338 827 1400 Pructu
842 1339 1028 1400 Studiorum
1043 1339 1099 1399 abs
1113 1342 1145 1397 te
1159 1338 1329 1398 laudatum.
1375 1335 1463 1396 Misit
1477 1335 1590 1412 epieto

391 1436 456 1498 iam
477 1458 539 1514 qua
557 1458 609 1497 me
629 1436 769 1498 defendit
788 1437 938 1498 aduersus
957 1437 1121 1513 Dorpium,
1137 1436 1190 1496 sed
1210 1434 1365 1495 eiusmodi
1383 1436 1420 1493 vt
1440 1432 1590 1511 puduerit

347 1554 380 1605 55
392 1534 516 1595 reddere
530 1534 628 1612 ipsius
641 1536 777 1595 nomine.
815 1534 951 1595 Domino
965 1533 1124 1594 Lachnero
1137 1536 1169 1592 et
1184 1532 1338 1592 Probenio
1352 1551 1404 1590 me
1418 1530 1589 1608 diligenter

391 1632 631 1707 commendabis,
655 1635 687 1692 et
711 1631 887 1692 litterarum
914 1649 1056 1691 mearum
1083 1630 1151 1689 vioe
1174 1628 1322 1707 fungeris
1375 1627 1460 1688 Fieri
1484 1629 1590 1705 potest

391 1733 427 1791 vt
446 1732 484 1791 ad
504 1732 684 1808 proximum
705 1750 760 1790 ver
779 1749 837 1790 vos
859 1729 1004 1790 renisam.
1048 1728 1310 1805 Arohiepiscopus
1330 1725 1588 1805 Magantinensis

391 1831 499 1906 suapte
513 1848 609 1889 manu
624 1828 705 1890 mihi
718 1827 843 1904 scripsit
856 1826 1021 1903 epistolam
1040 1824 1273 1887 beneuolentiae
1287 1824 1424 1902 plenam.
1468 1824 1588 1885 Tamen

391 1925 429 1984 de
450 1927 588 1987 aduentu
613 1945 691 2000 meo,
718 1925 865 2001 quoniam
889 1925 1045 1984 incertum
1068 1928 1124 1997 est,
1152 1923 1254 1983 nolim
1279 1923 1394 1999 poesim
1419 1921 1588 1999 diuulgan'.

345 2034 380 2083 oo
392 2022 480 2097 Oura,
502 2025 548 2084 mi
568 2024 671 2096 Beate,
694 2026 729 2083 vt
750 2042 845 2099 quam
867 2024 985 2101 optime
1005 2021 1117 2083 valeas

429 2121 562 2182 Louanii
582 2120 680 2182 natali
702 2120 752 2180 die
773 2119 900 2181 Nicolai

698 2250 769 2315 733.
814 2248 864 2313 To
887 2247 1083 2313 Worroauo
1108 2248 1282 2313 Laesum.

425 2385 569 2441 Deventer
581 2385 639 2443 MS.
653 2402 695 2457 91,
710 2386 785 2457 1169
1290 2382 1463 2457 (honrem.)

427 2472 482 2528 LB.
494 2474 566 2546 App.
581 2488 642 2544 237.
1201 2470 1243 2544 (c.
1256 2488 1273 2541 9
1285 2471 1442 2529 December
1456 2470 1555 2544 1517.)

425 2591 545 2657 [clearly
556 2595 763 2657 contemporary
773 2594 842 2643 with
855 2594 901 2655 Ep.
915 2608 979 2656 7323
998 2594 1047 2642 but
1059 2606 1089 2641 aa
1100 2593 1229 2642 Erasmus
1240 2592 1348 2655 implies
1360 2592 1439 2642 thero
1449 2592 1493 2655 (11.
1506 2607 1548 2655 55,
1561 2595 1591 2655 ⁶)

392 2656 747 2787 qqqqeqeofflnqffiiting
759 2662 787 2709 to
799 2660 922 2708 Lachner
933 2657 988 2707 and
1004 2659 1118 2721 Froben,
1131 2658 1188 2707 this
1201 2673 1257 2706 was
1271 2657 1403 2721 probably
1417 2661 1479 2708 sent
1491 2658 1591 2722 bytho

719 2853 872 2902 ERASMVS
895 2854 1077 2903 LACHNERO
1099 2854 1161 2900 SVO
1184 2855 1209 2901 S.
1229 2854 1261 2903 D.

433 2976 482 3036 Da
503 2981 608 3037 nostra
624 2975 766 3036 amicicia
784 2975 866 3036 nihil
883 2979 933 3037 est
949 2977 1033 3054 quod
1052 2977 1228 3038 admoneas.
1274 2977 1338 3037 Nec
1354 2996 1444 3039 meus
1457 2983 1506 3040 est
1519 2998 1591 3040 mos

392 3073 479 3134 facile
501 3073 541 3134 ab
561 3074 701 3135 amicicia
721 3073 861 3134 recedere
881 3093 937 3133 nec
957 3075 1024 3135 vlla
1043 3077 1091 3135 est
1115 3094 1207 3135 causa
1231 3095 1286 3134 cur
1313 3074 1411 3135 velim
1436 3076 1589 3138 recedere.

392 3172 532 3233 Tantum
545 3172 690 3251 optabam
704 3174 740 3233 vt
752 3172 894 3234 adhibito
908 3172 1014 3250 aliquo
1027 3174 1082 3251 qui
1096 3177 1202 3233 noscet
1215 3174 1334 3252 aliquid
1348 3173 1443 3234 huius
1457 3176 1588 3253 negocii,

392 3271 596 3333 estimassetis
620 3270 816 3348 exemplaria
860 3270 933 3331 Non
957 3272 1041 3348 quod
1066 3271 1189 3350 cupiam
1212 3272 1352 3332 multum
1379 3291 1398 3331 a
1422 3272 1516 3335 vobio
1538 3294 1592 3335 ex-

365 3394 379 3443 5
393 3372 544 3447 torquere,
560 3369 614 3429 sed
629 3372 664 3429 vt
677 3368 798 3429 ratione
817 3371 900 3431 certe
915 3370 1012 3430 semel
1028 3371 1219 3447 praescripta
1232 3371 1332 3430 simus
1345 3368 1471 3446 vtrique
1484 3370 1588 3433 liberi.

393 3467 546 3546 Quicquid
568 3467 782 3528 decreuissetis
797 3467 908 3528 fuisset
926 3470 1060 3545 gratum.
1104 3469 1146 3529 In
1166 3467 1346 3528 Prouerbiis
1366 3487 1430 3528 non
1448 3469 1591 3531 multum

392 3565 519 3627 accessit
534 3566 714 3644 scripturae,
729 3565 783 3627 sed
804 3568 911 3626 tamen
924 3586 988 3626 non
1003 3586 1112 3643 parum
1126 3564 1250 3627 laboris
1295 3565 1363 3625 Hoc
1385 3566 1590 3644 Frobennius,

392 3666 519 3726 tametsi
539 3666 589 3727 vir
609 3665 749 3742 optimus
773 3664 913 3741 mihique
937 3664 1146 3738 charissimus
1171 3685 1236 3724 non
1260 3666 1364 3742 potest
1388 3667 1586 3742 perpendere.

393 3763 424 3822 A
447 3762 608 3823 Francisco
632 3762 713 3822 nihil
737 3762 839 3822 adhuc
859 3762 970 3838 accepi
1013 3761 1135 3822 Deinde
1155 3762 1339 3839 scripseram
1358 3781 1397 3821 ne
1416 3761 1592 3825 Frobenius

350 3883 381 3919 ιο
394 3858 483 3937 plura
514 3862 662 3937 reciperet
689 3861 729 3921 ab
757 3860 870 3921 Iacobo
897 3860 1016 3919 famulo
1047 3880 1117 3920 meo
1145 3878 1241 3937 quam
1275 3859 1475 3920 commodum
1508 3865 1591 3923 esset

393 3958 549 4018 excudere.
593 3959 721 4036 Recepit
745 3958 859 4029 omnia,
878 3961 1034 4036 praeterea
1054 3957 1135 4019 nihil
1159 3957 1239 4017 mihi
1264 3958 1423 4036 respondit
1445 3960 1529 4036 quod
1550 3959 1590 4022 ad

393 4074 461 4115 rem
488 4055 669 4133 pertineret,
692 4076 733 4116 ne
761 4061 797 4116 tu
824 4056 960 4134 quidem.
1011 4056 1165 4134 Quicquid
1189 4055 1290 4116 adhuc
1317 4055 1407 4116 vobis
1432 4058 1587 4133 commisi,

393 4173 458 4214 non
480 4172 591 4232 passus
609 4152 707 4233 (sum)
728 4154 767 4214 ab
791 4154 853 4215 alio
873 4173 1030 4233 quoquam
1050 4153 1171 4226 excudi,
1201 4158 1355 4231 quantum
1380 4153 1415 4214 in
1439 4173 1491 4216 me
1518 4155 1588 4229 fnit,

393 4271 450 4313 neo
477 4250 585 4329 patiar.
636 4252 795 4313 Proximis
822 4252 973 4313 nundinis
1001 4251 1073 4312 misi
1101 4252 1273 4312 secundum
1303 4251 1459 4312 Theodori
1487 4253 1591 4314 Gazae

828 4397 883 4445 788.
906 4410 944 4457 ¹3·
961 4410 1021 4445 sum
1034 4400 1090 4444 odd.
1104 4400 1150 4445 LB.

409 4518 966 4586 'itasrfflombaaiuswithedoeoription
1018 4518 1074 4580 776,
1097 4519 1153 4579 787.
1186 4519 1224 4567 As
1247 4520 1269 4567 it
1291 4533 1347 4568 was
1369 4522 1399 4567 tn
1423 4519 1468 4568 his
1490 4520 1588 4583 hands,

392 4589 423 4640 oi
437 4590 497 4639 him
515 4590 546 4638 in
566 4588 614 4638 the
634 4591 813 4637 emmeno:
833 4587 901 4648 ‘quo
919 4585 966 4633 vix
1017 4585 1146 4633 Erasmus
1156 4584 1301 4633 succeeded
1313 4586 1344 4633 in
1355 4586 1531 4648 suppreeeing
1541 4587 1573 4636 it.

392 4655 463 4703 alins
484 4668 604 4715 unquam
632 4654 703 4703 vixit
729 4653 816 4701 amico
837 4650 968 4715 amiciorq
1049 4663 1087 4710 57.
1107 4649 1339 4712 Haguntinensis]
1352 4650 1400 4712 Ep.
1415 4653 1473 4700 661.

394 4719 459 4781 (LB.
472 4720 490 4769 i.
508 4721 610 4782 roror).
937 4727 939 4732 ’
1049 4714 1141 4765 738.6.
1160 4715 1314 4764 Prouerbiis
1340 4715 1380 4764 Cf.
1393 4716 1441 4777 Ep.
1455 4719 1579 4778 onega.

425 4798 467 4846 53.
484 4784 518 4833 de
535 4784 650 4849 Fracto]
667 4785 717 4834 See
736 4784 785 4846 Ep.
803 4797 860 4832 211.
878 4795 965 4844 43n.;
1047 4795 1070 4841 9.
1085 4780 1256 4844 scripseram]
1269 4781 1304 4829 In
1348 4795 1476 4843 ay1517;
1493 4782 1529 4832 of.
1541 4783 1589 4846 Bp.

392 4849 456 4912 and,
469 4848 510 4902 for
521 4850 658 4900 Erumus’
676 4849 788 4911 opinion
802 4848 833 4898 of
847 4849 878 4911 it,
896 4849 963 4911 Epp.
1015 4860 1071 4909 595.
1086 4861 1114 4895 11
1128 4862 1156 4896 n.

395 4917 450 4982 776,
464 4915 520 4977 783,
533 4916 588 4977 787,
602 4917 659 4979 796.
670 4916 729 4963 Boo.
1050 4927 1087 4974 13.
1105 4914 1138 4961 ab
1150 4912 1216 4974 alio]
1228 4912 1268 4962 (tf.
1283 4911 1333 4973 Ep.
1348 4926 1404 4972 732.
1418 4927 1451 4963 oo
1463 4926 1491 4962 n.

457 4979 613 5046 epicorum]
627 4980 666 5031 Oi.
681 4981 822 5042 Epp.·736,
837 4996 892 5042 741,
907 4993 963 5040 755,
1051 4993 1088 5038 ¹⁴·
1107 4977 1182 5041 misi]
1193 4978 1233 5031 (ti.
1246 4978 1292 5039 Ep.
1303 4979 1361 5039 629.
