3867 6034
378 716 439 776 574
724 712 917 774 LETTERS
944 710 999 773 OF
1026 708 1230 800 ERASMUS
1518 704 1610 791 [¹5¹⁹

380 871 568 931 deolamem
588 888 692 930 meam
713 886 788 944 erga
807 868 845 929 R.
857 868 896 927 D.
907 868 942 928 T.
959 866 1059 928 animi
1078 867 1333 944 propensionem,
1352 866 1464 927 mitto
1485 867 1611 927 Nouum

380 971 620 1031 Testamentum
629 965 754 1045 magnis
764 966 930 1028 sudoribus
939 965 1129 1026 denuoame
1138 964 1362 1042 recognitum:
1380 965 1477 1044 quod
1490 965 1523 1026 S.
1532 966 1570 1025 D.
1577 964 1610 1025 N.

342 1067 480 1129 roIeoni
493 1066 631 1128 dicatum
646 1066 746 1143 ipsius
764 1064 894 1125 hortatu
914 1064 950 1124 in
971 1064 1077 1124 lucem
1096 1062 1196 1137 emisi,
1212 1062 1512 1139 quemadmodum
1531 1063 1613 1124 illius

382 1166 484 1226 Breue
497 1168 633 1225 testatur
646 1163 792 1225 additum
805 1163 841 1223 in
862 1162 965 1241 operis
985 1160 1189 1239 frontispicio.
1231 1160 1322 1221 Huic
1343 1161 1453 1223 initio
1468 1162 1612 1223 reclama·

382 1263 459 1325 bant
472 1262 613 1340 quidam,
627 1263 681 1322 sed
695 1263 751 1341 qui
763 1265 818 1323 aut
832 1280 897 1321 non
910 1260 1058 1339 legebant
1071 1262 1126 1320 aut
1141 1278 1206 1319 non
1221 1258 1475 1338 intelligebant.
1525 1261 1612 1321 Nunc

382 1361 614 1438 amplectuntur
637 1380 756 1434 omnes,
775 1359 912 1435 exceptis
941 1356 1140 1435 paucissimis
1167 1376 1246 1435 quos
1273 1358 1382 1434 pudet
1415 1358 1611 1437 resipiscere.

383 1458 429 1519 Hi
443 1458 568 1518 nullum
582 1477 647 1518 non
660 1462 791 1518 mouent
801 1456 938 1533 lapidem
946 1458 984 1515 vt
996 1453 1094 1516 bonas
1108 1455 1216 1515 literas
1229 1456 1356 1532 passim
1368 1457 1612 1519 reflorescente

345 1577 355 1613 1
360 1556 570 1635 sopprimant.
612 1554 664 1616 Ad
684 1556 717 1615 id
736 1553 919 1632 splendidos
932 1556 1119 1631 praetexunt
1131 1551 1249 1625 titulos,
1265 1551 1456 1615 haereseon
1472 1555 1612 1633 profliga-

383 1653 513 1728 tionem,
530 1652 688 1714 Ecclesiae
702 1652 926 1726 defensionem,
943 1671 1025 1726 cum,
1043 1649 1235 1725 mihicrede,
1252 1650 1354 1729 longe
1373 1652 1473 1714 aliud
1494 1658 1609 1733 agatur.

383 1750 463 1811 Mihi
488 1752 570 1811 certe
591 1749 685 1811 rebus
705 1749 854 1811 omuibus
872 1747 1000 1810 omissis
1019 1748 1101 1809 illud
1115 1748 1207 1809 vnice
1227 1747 1338 1809 studio
1355 1750 1437 1821 fuit,
1452 1753 1495 1811 vt
1509 1772 1609 1813 meum

312 1877 319 1888 ·
384 1847 580 1925 ingeniolum
594 1848 653 1908 hoo
666 1851 699 1908 et
709 1849 943 1927 qualescunque
961 1845 1105 1907 litemlae
1120 1846 1237 1907 Christi
1251 1846 1381 1923 gloriae
1394 1850 1568 1911 seruirent
1580 1870 1609 1909 sc

384 1945 541 2006 Ecclesiae
570 1945 753 2006 commodis
799 1946 905 2006 Homo
933 1948 1041 2005 tamen
1069 1963 1150 2016 sum,
1172 1942 1235 2003 labi
1264 1962 1417 2021 possum.
1470 1948 1564 2024 Quod
1586 1948 1608 2007 si

346 2043 538 2103 :oiudicium
555 2042 672 2103 alicubi
691 2042 802 2117 defuit,
817 2043 944 2103 animus
965 2046 1049 2103 certe
1070 2046 1173 2103 rectus
1194 2061 1259 2102 non
1281 2040 1404 2104 defuit.
1454 2046 1607 2107 Omnibus

385 2161 478 2202 nemo
505 2141 658 2203 hactenus
686 2141 828 2220 placuit:
851 2141 932 2202 mihi
960 2142 1038 2202 satis
1064 2144 1111 2201 eet
1139 2140 1221 2217 quod
1249 2140 1391 2217 optimis
1431 2144 1607 2222 quibusque

384 2240 501 2317 placeo.

426 2339 487 2400 Sed
500 2338 581 2411 vide,
599 2357 724 2416 quaeso,
739 2338 1020 2415 peruersissimam,
1042 2338 1107 2396 imo
1125 2335 1383 2414 ingratissimam
1403 2340 1606 2417 quorundam

386 2436 553 2497 maliciam.
598 2436 701 2497 Diffisi
721 2435 812 2497 libris
831 2439 863 2497 et
882 2434 1079 2513 argumentis
1099 2434 1229 2511 quidam
1251 2434 1491 2512 sycophantiis
1509 2458 1607 2517 aggro

347 2533 525 2606 agdiuntur.
568 2534 722 2612 Quicquid
746 2534 853 2611 prodit
876 2533 1066 2608 libellorum,
1088 2531 1205 2610 quibus
1225 2532 1285 2591 hoc
1303 2535 1465 2610 tempore
1485 2537 1606 2614 quidam

386 2631 523 2692 nimium
536 2631 666 2692 licenter
677 2631 800 2707 ludunt,
816 2631 898 2692 mihi
913 2631 1106 2709 impingunt.
1150 2627 1314 2691 Pmdierat
1331 2630 1569 2695 Nemo-nam
1582 2635 1606 2693 is

386 2732 435 2787 est
448 2728 549 2788 libelli
566 2727 731 2789 cuiusdam
750 2729 863 2789 ludicri
881 2729 1014 2803 titulus:
1036 2747 1144 2788 meum
1163 2746 1230 2787 esse
1249 2726 1563 2793 calumniabantur:
1580 2735 1607 2791 et

389 2829 616 2903 persuaserant,
632 2826 668 2886 ni
686 2830 777 2887 autor
796 2827 897 2887 iratus
916 2826 977 2888 sibi
997 2846 1092 2887 suum
1110 2845 1188 2903 opus
1201 2824 1410 2889 vindicasset.
1463 2830 1605 2892 axiam:

390 2924 550 3002 Epistolae
562 2924 714 3002 quaedam
732 2924 901 3001 ridiculae:
924 2945 989 2986 non
1008 2925 1137 2985 deerant
1155 2923 1211 3002 qui
1232 2944 1284 2984 me
1301 2924 1464 2988 adiutore
1483 2930 1606 3007 scriptas

347 3045 379 3094 3ο
390 3022 579 3084 dictitarent.
621 3023 788 3083 Postremo
801 3024 919 3102 prodiit
932 3023 1037 3084 nescio
1052 3023 1166 3102 quibus
1175 3020 1287 3082 auibus
1297 3042 1385 3100 opus
1398 3024 1448 3086 Μ.
1469 3026 1602 3088 Lutheri

391 3123 495 3182 Autor
508 3121 590 3181 mihi
604 3125 671 3181 tam
685 3122 811 3198 ignotus
825 3124 873 3181 est
887 3141 982 3200 quam
999 3122 1054 3199 qui
1073 3120 1216 3181 omnium
1230 3121 1477 3199 ignotissimus,
1495 3126 1603 3186 librum

392 3221 534 3281 nondum
551 3219 687 3297 perlegi:
715 3222 873 3281 ettamen
893 3219 987 3280 initio
1008 3238 1115 3280 meum
1136 3238 1203 3279 esse
1224 3217 1433 3297 dictitabant,
1452 3243 1530 3285 oum
1547 3223 1602 3285 illic

392 3339 449 3379 nec
463 3338 546 3379 vnus
559 3318 700 3395 spiculus
713 3318 756 3378 sit
770 3337 870 3378 meus.

432 3417 557 3477 Horum
585 3436 658 3476 cum
685 3416 767 3475 nihil
800 3415 902 3476 adhuc
925 3416 1083 3493 procedat,
1104 3415 1172 3493 ipsa
1199 3434 1231 3473 re
1260 3415 1457 3479 reuincente
1487 3420 1601 3481 menda·

347 3536 377 3585 35
391 3515 485 3590 cium,
501 3513 616 3591 dialogi
631 3513 794 3573 cuiusdam
808 3514 1019 3591 suspicionem
1037 3512 1119 3574 mihi
1133 3512 1311 3573 moliuntur
1326 3514 1527 3596 impingere.
1565 3518 1600 3587 Is,

391 3618 425 3673 vt
453 3634 491 3673 ex
518 3615 703 3689 argumento
730 3612 808 3672 satis
832 3616 963 3688 constat,
985 3612 1120 3691 scriptus
1148 3615 1196 3673 est
1223 3612 1258 3672 in
1287 3613 1403 3676 odium
1436 3618 1508 3680 diui
1537 3616 1601 3678 Iulii

391 3712 557 3772 Pontificis
571 3730 655 3772 max.
669 3710 852 3771 schismatis
870 3714 1019 3789 tempore,
1034 3710 1089 3771 sed
1108 3730 1126 3771 a
1146 3731 1207 3788 quo
1220 3711 1385 3773 incertum
1400 3736 1409 3774 ε
1433 3723 1512 3779 ante
1525 3716 1600 3795 quin·

392 3829 452 3885 que
476 3827 576 3868 annos
596 3809 760 3885 degustaui
774 3808 879 3869 verius
900 3828 994 3887 quam
1018 3809 1090 3886 legi.
1132 3808 1210 3870 Post
1233 3810 1357 3886 repperi
1379 3812 1419 3874 in
1441 3815 1600 3877 Germania

424 3986 449 4033 8.
467 3984 498 4033 R.
514 3984 639 4033 D.T.E:
657 3987 727 4033 tell.
853 4000 878 4046 9.
896 3985 923 4032 S.
936 3984 969 4033 D.
984 3984 1069 4033 ran:
1086 3984 1208 4047 pontiflci
1222 3988 1254 4033 H.
1395 3992 1598 4054 14.pmiml“:

392 4051 494 4112 passim
506 4053 537 4100 Ε.
639 4065 679 4110 3ο.
699 4049 734 4098 ll.
748 4053 785 4097 E:
804 4050 914 4099 Martini
928 4054 961 4099 H.

424 4218 450 4266 8.
466 4217 574 4266 Nouum
586 4214 801 4280 Testamentum]
814 4216 863 4264 See
875 4216 967 4277 pgdp.
1020 4229 1122 4277 convey
1140 4215 1188 4264 the
1205 4213 1271 4263 falsa
1290 4218 1457 4278 suggestion
1477 4221 1523 4282 (ci.
1542 4220 1599 4282 Epp.

428 4298 464 4332 11.
484 4282 573 4330 Breue
598 4282 646 4343 Ep.
659 4283 716 4341 864.
1020 4282 1076 4328 622·
1099 4293 1170 4342 15·7,
1188 4280 1245 4341 ⁶36·
1270 4282 1347 4342 14-7)
1367 4282 1437 4333 tunt
1458 4286 1509 4335 the
1533 4288 1600 4335 Iulias

424 4350 465 4397 26.
484 4348 570 4397 Nemo
594 4349 643 4395 See
657 4347 706 4408 Ep.
719 4349 775 4410 863.
789 4362 860 4407 aon.
1020 4361 1075 4395 was
1095 4346 1226 4395 identioal
1244 4346 1314 4394 with
1339 4347 1428 4398 Peter
1452 4352 1600 4415 (iringore's

423 4415 463 4463 as.
482 4412 571 4477 autor]
588 4413 627 4462 Cf.
642 4412 753 4474 Hn.90‚
768 4413 896 4474 §589-91.
1020 4411 1232 4474 moralityplay,
1262 4412 1384 4462 suom
1421 4419 1522 4480 staini,
1551 4430 1599 4479 pro

425 4494 465 4539 29.
483 4476 722 4542 Epistulae]Eov.;
739 4478 842 4540 seeEp
850 4479 966 4537 omn.
1019 4476 1106 4526 duoed
1124 4478 1154 4525 in
1174 4475 1257 4537 Paris,
1280 4476 1344 4527 Feb.
1364 4493 1445 4541 1512,
1468 4484 1500 4531 in
1519 4480 1600 4531 which

425 4560 466 4605 3ο.
485 4544 563 4608 opus]
576 4544 626 4593 See
637 4544 686 4605 Ep.
698 4558 757 4606 904·
772 4558 838 4605 1911.
1020 4542 1067 4591 the
1086 4541 1190 4592 central
1212 4543 1298 4605 ligure
1321 4544 1346 4593 is
1368 4544 1422 4595 the
1451 4547 1533 4612 Pope,
1555 4544 1600 4596 md

425 4625 465 4670 31.
483 4608 602 4673 ignotus]
616 4609 655 4659 cf.
666 4609 713 4671 Ep.
727 4625 785 4671 939.
797 4610 838 4657 66.
1019 4608 1097 4657 there
1121 4610 1145 4656 is
1171 4607 1252 4656 much
1279 4611 1463 4663 contentiosis
1486 4614 1600 4675 dialogis

425 4690 466 4737 35.
485 4674 596 4740 dialogi]
609 4675 658 4725 See
670 4675 719 4737 Ep.
731 4690 779 4737 50²
791 4674 892 4725 introd.
1019 4674 1142 4722 between
1152 4673 1267 4735 ‘Peuple
1275 4674 1415 4739 iranqois’
1426 4678 1485 4728 and
1496 4678 1600 4741 ‘Peuple

424 4756 464 4801 37.
481 4739 648 4805 schismatis]
672 4740 720 4789 See
742 4742 789 4802 Ep.
812 4742 869 4800 236.
892 4755 925 4802 43
940 4754 968 4788 n.
1019 4738 1176 4801 ytalique'3
1193 4739 1241 4788 the
1252 4739 1355 4789 former
1366 4745 1494 4808 perhaps
1505 4747 1600 4809 getting

393 4805 449 4854 The
477 4808 631 4855 schismatic
657 4806 801 4856 cardinale
829 4806 893 4855 held
922 4809 970 4854 out
1019 4804 1599 4875 thebestoithedispute(cf.lip.967.1613.

393 4870 465 4918 until
475 4870 650 4921 afterJulius'
660 4873 742 4920 death
754 4888 760 4930 ;
771 4871 968 4933 seeCrcighton
1019 4871 1069 4920 See
1078 4871 1107 4919 Ε.
1120 4870 1306 4919 PicotinButt
1322 4887 1368 4921 soe.
1378 4877 1439 4925 hist
1452 4881 1598 4937 pmtjiaac.

393 4937 533 4997 iv.187-9.
567 4939 601 4986 In
614 4939 708 5000 giving
719 4939 776 4986 this
789 4937 852 4985 date
866 4937 907 4985 ior
922 4937 968 4985 the
1019 4938 1099 4984 xxxvi
1118 4936 1217 4999 (1887),
1238 4951 1283 4999 pp.
1301 4951 1428 5002 nas-323
1451 4944 1508 4993 and
1529 4941 1600 4993 Nnc.

393 5003 569 5064 composition
583 5004 709 5052 Erasmus
720 5016 807 5052 seems
818 5006 847 5052 to
857 5002 928 5051 wish
940 5006 969 5050 to
1019 5002 1084 5051 xxii.
1100 5016 1180 5063 ¹¹394·
