3867 6034
574 720 636 779 292
922 718 1110 781 LETPERS
1138 720 1191 781 OF
1218 718 1416 781 ERASMUS
1672 712 1755 798 [1512

573 872 664 935 rideo
677 877 708 935 te
721 875 813 937 rebus
831 875 931 953 magis
950 874 1042 936 seriis
1058 875 1227 936 addictum.
1269 874 1415 936 Coloniae
1435 892 1540 952 pugna
1560 891 1596 933 ea
1617 870 1755 933 diabolis

543 993 558 1044 5
573 971 673 1049 magis
685 992 720 1033 ac
734 974 835 1051 magis
847 973 1043 1034 incrudescit.
1087 973 1149 1034 Res
1161 974 1308 1049 vtrinque
1321 971 1448 1033 denmta
1460 972 1566 1033 charta
1578 971 1692 1050 agitur.
1725 968 1754 1029 Ε

572 1068 631 1130 hos
653 1071 811 1132 tumultus
834 1073 917 1133 cient
943 1072 978 1132 in
1005 1070 1079 1132 orbe
1107 1070 1284 1132 Christiano
1310 1069 1457 1130 cucullati
1480 1070 1689 1147 sycophantae
1714 1086 1755 1146 qu

571 1166 776 1245 Euangelicae
789 1169 928 1231 doctrine
942 1188 1108 1247 praecones
1121 1167 1228 1229 haberi
1240 1168 1362 1229 volunt.
1403 1168 1490 1230 Bene
1502 1167 1580 1227 vale.

611 1264 751 1326 Louanii.
769 1287 796 1342 9.
813 1268 875 1329 Cal.
892 1267 995 1329 Maias.

952 1436 1025 1499 825.
1068 1432 1119 1497 'l'o
1141 1432 1237 1499 Jouu
1260 1430 1381 1499 Connr.

604 1550 745 1608 Derenter
757 1552 815 1607 MS.
828 1569 871 1622 91,
886 1555 904 1609 f.
921 1570 960 1610 22.
1533 1551 1666 1608 Louvain.

604 1635 635 1693 u.
648 1656 676 1708 p.
688 1641 740 1707 46:
760 1640 790 1694 F.
803 1659 831 1711 p.
845 1656 913 1711 217:
933 1640 1003 1696 HN:
1025 1641 1112 1698 Lond.
1126 1641 1161 1695 iv.
1178 1655 1209 1695 1:
1229 1640 1285 1697 ΕΒ.
1299 1654 1358 1708 247.
1470 1655 1503 1709 23
1517 1638 1598 1711 April
1611 1637 1730 1711 (1518).

601 1741 697 1805 [Hand
711 1744 743 1803 D,
755 1744 829 1793 John
841 1744 933 1795 Smith
947 1744 1004 1809 (αἱ),
1018 1745 1041 1793 is
1051 1745 1130 1807 again
1141 1742 1278 1793 corrected
1288 1744 1324 1806 by
1336 1744 1464 1793 Erasmus
1475 1741 1526 1807 (α’)
1538 1758 1567 1792 as
1583 1746 1612 1793 ln
1625 1744 1693 1807 Epp.
1705 1744 1754 1791 822

566 1805 638 1871 ⁸9⁰⁸]
770 1891 922 1938 ERASMVS
944 1890 1066 1938 Ionum
1088 1891 1226 1955 comm,
1249 1889 1385 1939 DECANO
1407 1890 1433 1938 S.
1457 1890 1568 1939 PAVLI.

573 2064 577 2074 ,
609 1992 688 2068 S.P.,
700 1998 905 2072 patronorum
915 1996 1043 2074 optime.
1080 1994 1143 2055 Pro
1153 1997 1209 2055 tuo
1219 1995 1253 2054 in
1264 2013 1315 2054 me
1324 1994 1425 2055 officio
1439 1995 1503 2054 iam
1517 1994 1567 2072 egi
1580 1994 1696 2071 gratias
1709 2013 1755 2072 per

567 2090 776 2167 Franciscum
793 2098 825 2153 et
838 2094 1049 2171 syngrapham
1064 2093 1178 2154 tradidi
1191 2111 1253 2170 qua
1266 2094 1365 2153 testor
1377 2091 1458 2152 mihi
1478 2091 1517 2152 de
1531 2092 1614 2169 regia
1631 2091 1755 2170 pecunia

565 2188 769 2253 satisfactum.
813 2191 969 2270 Accingor
986 2191 1025 2251 ad
1044 2191 1105 2250 iter
1124 2189 1423 2268 periculosissimum
1442 2189 1482 2250 ob
1501 2209 1601 2268 nuper
1614 2189 1755 2250 dimissor

565 2286 819 2349 sceleratissimos
835 2289 1006 2367 praedones
1024 2288 1080 2366 qui
1097 2287 1240 2349 millibus
1258 2286 1376 2365 aliquot
1395 2286 1634 2365 conglomeratis
1652 2306 1691 2349 ex
1705 2307 1755 2348 sua

536 2396 551 2445 e
564 2382 694 2444 libidine
706 2386 928 2462 grassabantur
940 2386 976 2446 in
986 2384 1124 2464 quosuis.
1159 2384 1228 2445 Hec
1238 2388 1286 2445 est
1297 2384 1432 2445 crudelis
1441 2383 1618 2462 principum
1628 2384 1755 2446 clemen·

564 2480 617 2555 tin,
631 2500 754 2558 parcere
768 2483 874 2560 impiis
887 2484 1048 2561 parricidis
1061 2486 1093 2543 et
1106 2482 1262 2559 sacrilegis
1277 2481 1412 2557 nefariis,
1430 2501 1495 2542 non
1504 2502 1628 2559 parcere
1638 2481 1755 2544 ciuibus

563 2575 637 2637 suis
680 2578 770 2640 Adeo
783 2579 938 2642 chariores
951 2584 1028 2641 eunt
1040 2580 1105 2641 illis
1119 2598 1174 2657 per
1187 2600 1265 2658 quos
1283 2579 1466 2657 opprimunt
1483 2579 1644 2658 populum,
1665 2599 1755 2660 quam

563 2674 698 2752 populus
711 2676 784 2754 ipse.

604 2759 735 2833 Vtinam
749 2775 914 2835 adiecisses
928 2774 1050 2835 duobus
1063 2773 1167 2836 rerbia
1183 2793 1277 2852 quare
1290 2774 1324 2835 in
1343 2776 1442 2852 capite
1461 2775 1595 2852 septimo
1615 2775 1676 2836 tibi
1696 2795 1755 2837 nou

519 2890 550 2928 10
561 2868 785 2945 satisfecerim
813 2873 943 2934 fortasse
966 2871 1049 2950 quod
1071 2891 1128 2950 ego
1151 2872 1190 2932 ad
1212 2871 1341 2932 affectus
1361 2872 1478 2946 rettuli,
1505 2876 1541 2933 tu
1561 2872 1702 2934 malebas
1720 2874 1755 2934 ad

561 2964 663 3043 legem
679 2967 847 3030 hiosaicem
861 2968 977 3031 referri.
1022 2968 1083 3030 Sed
1097 2968 1216 3030 Paulus
1230 2968 1294 3029 illic
1308 2969 1383 3031 adeo
1398 2969 1539 3032 lubricus
1555 2973 1602 3030 est
1618 2974 1655 3031 rt
1672 2990 1755 3032 nuuc

560 3064 622 3123 huc
643 3065 795 3143 respiciat,
819 3087 903 3128 nunc
924 3067 1019 3141 illuc;
1048 3069 1084 3128 rt
1106 3067 1140 3127 in
1162 3066 1214 3127 his
1234 3067 1426 3144 explicandis
1446 3087 1646 3145 summopere
1666 3068 1755 3130 sudet

560 3158 717 3240 Origenes
760 3165 851 3225 Alias
863 3165 1020 3243 polliceris
1033 3168 1066 3226 te
1078 3165 1278 3242 scripturum,
1293 3184 1404 3227 verum
1414 3166 1474 3225 hoc
1484 3165 1560 3226 alias
1571 3185 1677 3228 serum
1687 3166 1755 3227 erit.

560 3258 661 3336 Opem
681 3261 744 3322 iam
765 3262 908 3324 absoluto
927 3267 1013 3324 totus
1032 3262 1071 3324 ad
1091 3282 1147 3324 vos
1167 3262 1288 3337 aduolo,
1311 3262 1491 3340 praesertim
1511 3263 1539 3324 si
1561 3263 1637 3340 quid
1658 3263 1755 3325 bonae

380 3339 387 3352 ’
515 3380 545 3429 23
559 3355 701 3419 fortunae
716 3363 859 3437 paratum
878 3361 959 3422 erit:
980 3360 1062 3439 quod
1076 3363 1112 3422 rt
1125 3360 1190 3433 fiat,
1205 3379 1308 3438 perge,
1322 3363 1355 3421 ts
1373 3380 1495 3438 quaeso,
1516 3360 1625 3421 adniti
1649 3426 1651 3429 ,
1669 3361 1755 3423 Bene

559 3454 636 3517 vale.
682 3476 708 3533 9.
726 3457 789 3518 Gal.
807 3458 905 3520 Maias
946 3458 1088 3519 Louanii.
1133 3454 1208 3538 [An.
1226 3454 1330 3537 1517.]
1553 3539 1580 3600 E

1582 3558 1714 3603 rasuram

898 3668 971 3730 826.
1016 3666 1064 3731 Το
1087 3665 1213 3730 Hnunr
1238 3666 1410 3729 Bumocu.

591 3779 733 3859 Deventer
745 3783 803 3841 MS.
817 3799 861 3854 91,
874 3784 894 3838 f.
912 3801 939 3841 11
956 3793 994 3839 v0.
1522 3782 1656 3839 Loumin.

591 3867 625 3923 D.
638 3887 666 3939 p.
683 3884 751 3941 154:
770 3870 800 3925 F.
815 3889 842 3941 p.
858 3874 925 3939 148:
946 3870 1016 3927 HN:
1035 3871 1122 3929 Lond.
1135 3870 1176 3928 iii.
1191 3885 1241 3942 15:
1261 3871 1316 3925 LB.
1331 3886 1392 3941 243.
1457 3886 1491 3940 23
1504 3869 1586 3941 April
1601 3868 1720 3945 (1518).

590 3970 642 4035 [Aa
649 3973 719 4023 with
729 3974 979 4038 Ep.821,therears
986 3976 1148 4025 corrections
1156 3976 1192 4038 by
1199 3975 1328 4024 Erasmus
1333 3972 1381 4039 (α’)
1391 3975 1421 4023 in
1430 3973 1477 4023 the
1485 3974 1655 4036 manuscript
1662 3974 1755 4026 which

556 4036 592 4086 do
602 4040 650 4087 not
663 4052 761 4102 appear
773 4041 802 4090 in
816 4040 848 4090 D.
877 4040 934 4089 'l'he
945 4041 1050 4103 copyist
1062 4038 1111 4104 (12¹)
1125 4043 1149 4090 is
1159 4040 1245 4090 Hand
1257 4040 1289 4104 D,
1302 4039 1375 4088 John
1386 4038 1500 4103 emim]

814 4185 970 4235 ERASMVS
991 4188 1144 4237 HENRICO
1167 4187 1314 4235 BOVILLO
1336 4186 1399 4235 SVO
1420 4188 1446 4238 S.
1463 4188 1497 4237 D.

593 4290 706 4364 Vrnso,
730 4292 774 4349 mi
797 4291 930 4367 Bouille,
952 4296 1074 4354 tantam
1096 4294 1262 4355 hominum
1281 4292 1517 4370 peruersitatem
1536 4296 1569 4353 et
1587 4293 1755 4371 ingratitu-

552 4386 670 4462 dinem,
686 4390 723 4448 vt
735 4390 961 4466 propemodum
975 4391 1009 4450 in
1029 4392 1133 4452 animo
1153 4392 1196 4451 sit
1212 4390 1296 4451 edito
1315 4410 1424 4451 rursus
1442 4390 1532 4450 Nouo
1551 4391 1755 4455 Testamenta

586 4517 685 4576 8286.
704 4521 760 4567 LB:
775 4518 904 4568 timnltus
913 4523 966 4569 818.
1002 4523 1092 4578 (Mn
1104 4520 1161 4581 689.
1172 4533 1221 4580 3..
1279 4519 1506 4571 825.r1r.add.n¹.
1555 4535 1579 4581 9.
1599 4524 1639 4570 Er
1656 4521 1755 4573 duobis

553 4599 579 4631 c.
658 4596 696 4631 11.
715 4587 855 4634 rt...12.
875 4586 1002 4647 respiciat
1019 4602 1052 4633 c:
1068 4599 1143 4635 nuuc
1159 4585 1214 4633 huc
1232 4586 1379 4647 respiciens
1396 4588 1425 4636 8,
1504 4599 1542 4634 22.
1560 4584 1604 4633 c¹:
1622 4586 1707 4637 sudat
1718 4585 1755 4639 αἱ.

554 4646 833 4708 14.hme¹:hoca¹.
902 4664 940 4713 15.
960 4653 1097 4714 laqueosa
1109 4649 1209 4701 ccum&
1279 4652 1441 4712 16.9om.l'.
1507 4652 1561 4701 An.
1578 4655 1755 4713 rsrycddll.

555 4727 592 4774 ¹7·
610 4712 739 4762 Erasmus
750 4717 836 4765 2228.
930 4715 989 4767 828.
1005 4714 1297 4767 murmuremus&
1364 4729 1389 4764 2.
1408 4715 1517 4765 rta²F:
1536 4717 1650 4766 vtmihi
1660 4716 1729 4771 0¹1).

584 4831 642 4878 884.
659 4847 683 4891 4.
700 4828 840 4894 coloniae]
852 4830 893 4879 Gi.
903 4830 951 4893 Ep.
960 4830 1019 4879 822.
1034 4832 1071 4880 28
1240 4831 1314 4893 rogia
1325 4830 1453 4894 mannia]
1466 4831 1506 4882 Gi.
1523 4832 1572 4894 Ep.
1583 4833 1645 4883 826.
1654 4833 1712 4895 6,·3.

583 4895 641 4944 888.
660 4911 682 4945 2.
701 4895 797 4961 officio]
815 4896 935 4958 Perhaps
950 4896 986 4948 cs.
1003 4896 1052 4959 Bp.
1066 4897 1121 4945 822.
1208 4910 1229 4955 7.
1250 4910 1298 4958 per
1309 4895 1387 4959 quos]
1404 4896 1460 4945 The
1472 4896 1598 4959 soldiery.
1719 4899 1723 4908 “

553 4974 591 5011 22.
1123 5019 1125 5025 ¹
1206 4975 1230 5021 ᾳ
1258 4961 1345 5025 capite
1363 4961 1491 5025 septimo]
1512 4963 1549 5012 0!
1563 4961 1703 5025 Romanu
1720 4964 1755 5015 ri.

582 5041 607 5078 2.
626 5025 812 5089 Francisoum]
824 5027 984 5077 Berchman.
1176 5027 1225 5089 Ep.
1236 5027 1294 5088 891.
1307 5041 1373 5089 234.
