3867 6034
390 677 453 739 580
742 674 931 737 LETTERS
958 673 1013 735 OF
1040 671 1243 735 messius
1506 666 1610 751 [15¹9

391 834 510 909 fideret,
525 838 581 896 aut
594 855 633 895 ex
647 833 733 894 hisce
751 832 891 893 fontibus
904 831 1048 891 haereses
1061 830 1272 891 nascerentur.
1316 825 1385 888 Heo
1401 827 1609 905 impudentia

389 932 558 1011 plusquam
572 931 803 1011 sycophantica,
820 949 894 991 oum
907 926 1037 1006 optimis
1051 927 1226 1005 quibusque
1241 926 1428 1004 displiceret,
1442 929 1558 987 tamen
1572 929 1609 987 rt

389 1030 510 1093 bellum
524 1031 693 1092 inuentum
706 1028 897 1108 probabatur
909 1026 1108 1107 quibusdam,
1119 1026 1174 1104 qui
1188 1046 1221 1087 se
1235 1025 1412 1101 theologiae
1425 1026 1609 1102 antesigna-

345 1142 450 1194 60nos
473 1133 507 1190 et
527 1128 725 1190 Christianae
746 1126 908 1203 religionis
928 1124 1094 1186 columnas
1114 1124 1307 1185 existimant.
1352 1123 1395 1184 Et
1411 1123 1488 1185 vide
1508 1143 1605 1201 quam

391 1228 496 1289 studio
517 1226 599 1288 caeci
620 1226 737 1287 normis
757 1223 940 1286 blandimur
953 1223 1062 1284 viciis!
1104 1225 1255 1284 Atrocem
1275 1221 1517 1295 contumeliam,
1542 1222 1607 1281 imo

392 1327 514 1387 facinus
542 1325 664 1386 haeresi
691 1324 873 1402 proximum
903 1314 1057 1397 ducimus,
1077 1322 1105 1381 si
1133 1322 1205 1399 quis
1232 1322 1416 1397 theologum
1445 1319 1605 1381 rabulam.

391 1425 499 1503 quales
521 1427 599 1484 sunt
620 1442 685 1483 non
708 1422 807 1501 pauci,
834 1442 891 1500 pro
914 1421 1063 1499 theologo
1087 1420 1319 1497 matssologum
1341 1421 1506 1481 nominet:
1545 1417 1607 1495 ipsi

392 1523 484 1585 nobis
497 1521 699 1599 ignoscimus,
710 1541 783 1582 cum
797 1521 880 1599 apud
894 1520 1091 1597 frequentem
1105 1519 1259 1597 populum
1273 1519 1451 1580 hereticum
1464 1521 1499 1578 et
1513 1516 1608 1577 Anti·

327 1695 330 1700 ,
346 1633 379 1696 ⁶⁵
392 1621 548 1683 christum
562 1639 711 1681 vocemus
724 1619 898 1697 cuicunque
910 1638 1139 1680 succensemus.

434 1719 593 1781 nocherus
627 1717 707 1780 mihi
741 1721 807 1779 tam
843 1718 971 1796 ignotus
1003 1721 1053 1778 est
1087 1737 1183 1795 quam
1216 1716 1268 1777 cui
1302 1715 1535 1793 ignotissima,
1570 1718 1607 1774 vt

392 1821 555 1896 suspectus
567 1836 635 1879 esse
648 1836 712 1878 non
727 1835 848 1894 queam,
863 1816 954 1895 quasi
966 1816 1093 1878 faueam
1107 1816 1218 1877 amico.
1247 1813 1355 1875 Huius
1367 1812 1608 1874 lucubrationes

394 1937 452 1978 nec
475 1917 558 1977 tueri
579 1935 687 1976 meum
708 1919 757 1976 est
778 1935 835 1976 neo
855 1914 1044 1993 improbare,
1059 1918 1096 1977 vt
1117 1933 1197 1993 quas
1216 1912 1369 1973 hactonus
1390 1931 1456 1972 non
1470 1910 1605 1988 legerim

394 2015 457 2076 nisi
480 2014 623 2093 carptim.
667 2014 758 2074 Certe
778 2012 878 2073 vitam
902 2012 1043 2073 bominis
1064 2032 1158 2072 nemo
1183 2009 1241 2089 qui
1263 2009 1355 2071 nouit
1380 2029 1446 2070 non
1470 2008 1606 2087 probat3

349 2132 473 2197 pequee
500 2131 573 2172 cum
601 2110 786 2189 longissime
812 2110 896 2171 absit
923 2110 962 2170 ab
991 2109 1081 2170 omni
1110 2109 1287 2187 suspicione
1320 2107 1476 2169 auerieiae
1509 2111 1606 2184 atque

392 2209 583 2285 ambitionis,
599 2212 632 2269 et
644 2227 772 2270 morum
785 2206 966 2269 innocentia
980 2208 1031 2267 vel
1049 2207 1132 2286 apud
1145 2207 1288 2267 ethnicos
1306 2206 1447 2266 fauorem
1466 2204 1603 2266 irruerit

394 2310 497 2385 Quom
524 2327 590 2368 non
626 2306 771 2385 congruit
801 2305 1039 2368 mansuetudini
1075 2305 1277 2381 theologicae,
1312 2305 1461 2381 protinus
1495 2323 1533 2363 nc
1565 2323 1606 2363 ne

393 2409 528 2487 perlecto
543 2407 670 2485 quidem
686 2405 768 2466 libro
786 2409 853 2466 tam
867 2405 1049 2465 immaniter
1063 2402 1245 2463 debacchari
1256 2404 1289 2463 in
1304 2423 1421 2464 nomen
1434 2423 1471 2465 sc
1483 2402 1606 2463 famam

393 2505 484 2583 probi
500 2505 581 2579 viri;
615 2504 709 2583 idque
731 2504 814 2581 apud
834 2504 1016 2582 imperitum
1036 2502 1241 2580 plebeculam,
1263 2520 1344 2579 quae
1367 2520 1497 2579 prorsus
1523 2504 1606 2561 caret

350 2624 382 2679 7⁵
395 2603 511 2666 iudicio
527 2605 536 2665 l
571 2602 756 2680 praesertim
775 2621 850 2662 cum
868 2602 924 2662 ille
941 2600 1132 2679 disputanda
1145 2600 1352 2677 proposuerit,
1368 2619 1443 2660 cum
1458 2597 1606 2659 omnium

395 2700 510 2763 iudicio
533 2719 603 2761 sese
622 2699 814 2775 submiserit,
835 2718 971 2776 quorum
991 2698 1130 2775 oportuit
1150 2701 1183 2759 et
1204 2717 1340 2776 quorum
1365 2717 1432 2758 non
1453 2697 1602 2774 oportuit.

396 2798 496 2859 Nemo
518 2797 652 2871 monuit,
678 2816 771 2856 nemo
792 2796 908 2870 docuit,
934 2816 1028 2857 nemo
1052 2797 1175 2857 reuioit.
1220 2796 1360 2857 'lantum
1389 2795 1606 2856 vociferantur

395 2895 598 2969 haereticum,
616 2894 773 2954 seditiosis
793 2894 985 2956 clamoribus
1005 2896 1045 2955 sd
1066 2894 1187 2972 lapides
1207 2898 1391 2971 prouocant.
1435 2894 1532 2954 Dicas
1552 2913 1606 2955 eos

395 2993 484 3055 sitire
498 2991 685 3069 sanguinem
703 2992 889 3067 humanum,
905 3012 970 3052 non
991 2993 1128 3054 salutem
1148 2992 1336 3054 animrum.
1381 2992 1450 3067 Quo
1468 2992 1606 3053 inuisius
1658 3014 1660 3018 ¹

351 3094 443 3154 Soest
463 3091 607 3151 hereseos
626 3109 743 3150 nomen
763 3091 892 3152 auribus
913 3090 1114 3161 Christianis,
1128 3093 1187 3152 hoo
1207 3091 1315 3151 minus
1337 3091 1606 3152 committendum

396 3193 445 3250 est
458 3193 495 3249 vt
518 3192 635 3249 temere
657 3188 691 3247 in
712 3209 893 3267 quenquam
915 3189 1119 3269 impingatur.
1164 3189 1236 3250 Non
1257 3188 1368 3249 statim
1389 3188 1496 3266 quiuis
1518 3210 1605 3249 error

396 3287 532 3349 haeresis
555 3289 612 3360 est,
629 3305 730 3365 neque
753 3286 899 3364 protinus
923 3287 1099 3348 hereticum
1122 3292 1170 3348 est
1194 3286 1345 3366 quicquid
1374 3287 1448 3347 huic
1470 3292 1528 3348 aut
1556 3287 1606 3348 illi

397 3385 552 3464 displicet
588 3384 696 3463 Neque
709 3405 832 3462 semper
845 3384 919 3446 fidei
933 3387 1100 3464 negocium
1114 3391 1213 3464 agunt
1229 3385 1284 3463 qui
1298 3387 1486 3464 praetexunt
1500 3386 1608 3447 huius·

397 3483 484 3544 modi
505 3482 686 3560 splendidos
706 3482 826 3544 titulos.
870 3484 941 3544 Imo
961 3484 1102 3563 plerique
1123 3505 1218 3545 suum
1238 3487 1336 3561 agunt
1357 3485 1536 3560 negocium,
1555 3484 1607 3546 vel

352 3595 384 3659 85
397 3581 522 3658 questui
548 3599 607 3641 suo
634 3580 833 3641 consulentes
859 3581 911 3641 vel
945 3582 1116 3659 tyrannidi
1161 3582 1247 3657 Quin
1282 3581 1444 3659 praecipiti
1478 3581 1606 3643 ledendi

397 3678 503 3739 studio
516 3698 590 3756 sepe
603 3678 814 3740 criminantur
827 3680 862 3739 in
876 3680 939 3739 alio
953 3681 1036 3757 quod
1051 3681 1112 3758 ipsi
1125 3680 1211 3741 domi
1225 3681 1368 3757 probant.

439 3775 583 3853 Denique
607 3795 681 3837 cum
705 3778 753 3837 tot
772 3778 838 3838 sint
850 3782 972 3839 veteres
992 3800 1027 3839 ac
1048 3779 1195 3840 neoterici
1215 3780 1390 3857 scriptores,
1413 3800 1471 3841 neo
1491 3780 1608 3842 horum

399 3874 565 3951 quisquam
587 3874 689 3934 adhuc
712 3878 853 3951 repertus
877 3877 919 3937 sit
944 3878 979 3937 in
1003 3878 1092 3939 cuius
1117 3878 1206 3939 libris
1228 3898 1294 3938 non
1318 3878 1477 3939 fateantur
1501 3878 1608 3939 inesse

398 3971 590 4050 periculosos
610 3991 737 4047 errores,
754 3993 809 4033 cur
830 3974 967 4052 reliquos
989 3978 1077 4038 taciti
1097 3975 1274 4054 placatiqus
1294 3976 1438 4054 legimus,
1450 3977 1484 4037 iu
1505 3996 1608 4038 vnum

352 4092 387 4145 90
400 4073 455 4130 aut
471 4069 607 4130 alterum
627 4073 694 4131 tam
714 4070 861 4131 atrociter
881 4074 1047 4135 seuimus‘?
1088 4074 1122 4135 Si
1142 4074 1271 4135 veritati
1291 4075 1537 4152 patrocinemur,
1552 4096 1609 4136 cur

399 4186 464 4227 non
478 4187 517 4226 ex
530 4187 627 4246 aequo
649 4166 791 4242 offendit,
806 4168 985 4247 vbicunque
1006 4172 1162 4248 reperitur
1181 4171 1265 4249 quod
1279 4171 1406 4234 veritati
1427 4176 1609 4251 repugnat?

398 4264 607 4327 Sanctissimae
640 4285 689 4326 res
725 4269 773 4325 est
807 4266 881 4326 fidei
915 4269 1137 4349 religionisque
1171 4270 1395 4347 synceritatem
1429 4271 1521 4345 tueri,
1553 4273 1607 4333 sed

400 4409 556 4481 liunnheyt
568 4428 599 4465 so
612 4410 666 4464 wol
678 4413 800 4481 gersten
812 4410 851 4466 ist
864 4411 919 4467 md
932 4412 988 4467 mir
1000 4430 1031 4468 so
1044 4412 1177 4486 seliglich
1189 4415 1329 4487 gegluclrt
1341 4415 1403 4471 bot.

432 4549 474 4610 58.
492 4552 583 4596 tamen
595 4564 646 4609 αγε
663 4550 723 4596 tum
734 4549 761 4601 β.
846 4563 888 4609 59.
904 4550 954 4598 atr
969 4549 1135 4613 probatura
1214 4553 1255 4613 64.
1275 4555 1395 4601 eumad:
1413 4554 1485 4607 sill:
1503 4554 1572 4605 dum
1582 4572 1609 4618 γ.

399 4613 440 4663 66.
459 4629 510 4675 «γε
527 4612 676 4662 Lutbcriua
687 4614 714 4667 β.
800 4628 841 4674 73.
859 4615 1018 4664 immaniter
1027 4617 1075 4664 ot:
1092 4615 1214 4666 inaniter
1224 4633 1250 4680 γ.
1337 4632 1378 4679 75.
1394 4618 1444 4668 ills
1454 4621 1502 4671 att
1520 4620 1609 4685 illa-1.

401 4693 441 4740 77.
458 4678 577 4727 'lantum
589 4695 640 4740 αγε
657 4678 759 4727 Tamen
772 4679 798 4732 β.
892 4696 942 4742 aq:
960 4681 1149 4735 vociferante.
1272 4685 1313 4744 ⁸5·
1331 4683 1403 4745 Quin
1415 4701 1467 4747 oq:
1483 4700 1570 4747 quum
1581 4690 1609 4742 β.

399 4744 440 4791 86.
459 4760 512 4805 aq:
529 4744 713 4794 criminentur
723 4745 750 4798 β.
870 4745 910 4806 87.
929 4760 1043 4809 uscoqz
1059 4761 1148 4809 neque
1159 4748 1187 4802 β.
1302 4750 1345 4799 88.
1363 4752 1555 4816 repertura-1:
1571 4768 1610 4801 re·

400 4812 493 4872 ceptus
503 4812 528 4863 β.
631 4811 672 4871 89.
689 4809 844 4873 placatiqus
855 4811 885 4858 cd
897 4827 904 4860 ε
921 4811 1071 4874 placitique
1082 4831 1108 4876 γ.

647 4960 688 5010 66·
709 4958 829 5023 ignotus]
846 4958 886 5008 Cf·
898 4957 965 5024 Ero·
977 4960 1035 5023 9⁶1·
1047 4974 1121 5025 see
1134 4964 1193 5028 9⁶7·
1205 4965 1277 5027 7⁸⁴).
1291 4979 1348 5027 sse·
