3867 6034
449 691 511 751 298
800 686 990 748 humans
1019 686 1074 747 OF
1100 685 1301 748 ERASMUS
1552 682 1654 765 [1518

450 841 564 893 reached
581 840 709 890 Erasmus
726 839 825 902 (lond,
842 840 878 890 xi.
895 854 933 902 15,
952 839 1005 888 LB.
1019 845 1089 901 327).
1122 840 1419 900 ThaNimesMS.215,
1434 839 1452 889 f.
1468 839 1651 900 1s400ntains

449 923 465 958 a
484 907 594 971 portion
614 905 644 955 of
659 921 676 955 a
695 905 778 955 letter
795 909 823 954 to
845 905 954 954 Grolier
972 903 1042 953 from
1061 905 1133 954 John
1154 904 1187 954 de
1211 905 1285 968 Pina,
1305 907 1436 968 probably
1454 905 1484 952 of
1498 906 1546 954 the
1563 903 1651 953 Milan

449 970 567 1036 period]

450 1119 604 1169 msuvs
627 1118 877 1168 ROTERODAMVS
899 1119 1130 1170 ORNATISSIMO
1152 1120 1234 1168 VIRO
1259 1120 1290 1169 D.
1315 1118 1436 1168 IOANNI
1464 1116 1653 1166 GROLIEBIO

635 1223 708 1284 SVO,
732 1218 823 1269 APVD
846 1222 1013 1271 msvsalcs
1035 1222 1225 1280 QVAESTORI
1249 1223 1364 1285 uuam,
1387 1222 1413 1269 S.
1430 1221 1463 1268 D.

489 1345 565 1418 Eoo,
580 1343 723 1416 Grolieri,
736 1343 786 1403 vir
799 1343 980 1418 clarissime,
992 1347 1028 1404 vt
1041 1343 1214 1404 illustrium
1225 1344 1332 1421 tuique
1343 1343 1496 1404 similium
1507 1342 1651 1402 virorum

448 1442 633 1516 amiciciam,
647 1442 674 1500 si
688 1441 738 1502 vel
760 1441 909 1501 offeratur
924 1441 1008 1501 vltro
1020 1440 1071 1502 vel
1088 1441 1171 1502 bona
1184 1442 1332 1519 quapiam
1351 1442 1477 1502 fortuna
1490 1439 1649 1517 obtigerit,

447 1539 627 1600 auidimime
647 1539 729 1599 soleo
748 1538 904 1615 amplecti,
920 1540 1030 1616 utpote
1049 1558 1117 1598 rem
1137 1540 1281 1599 omnium
1301 1558 1372 1598 meo
1393 1538 1520 1615 quidem
1542 1538 1652 1598 animo

447 1637 540 1715 longe
571 1636 741 1697 maximam
767 1655 803 1697 ac
829 1635 1053 1709 felicissimam,
1084 1636 1180 1696 semel
1208 1636 1373 1714 amplexus
1402 1635 1653 1712 pertinacissime

419 1735 528 1808 5tueri
546 1735 683 1812 gaudeo;
705 1734 749 1793 ita
769 1752 967 1811 nequaquam
987 1733 1066 1793 mihi
1083 1733 1180 1794 moris
1195 1738 1244 1794 est
1257 1735 1398 1812 ingerere
1412 1736 1529 1794 memet
1544 1734 1648 1810 ipsum

447 1832 481 1893 in
504 1832 678 1909 cuiuspiam
701 1831 955 1903 familiaritatem,
982 1833 1097 1908 quippe
1122 1832 1177 1909 qui
1199 1832 1243 1891 sic
1268 1836 1381 1892 natura
1402 1831 1587 1891 abhorream
1610 1831 1651 1888 ab

447 1930 535 1991 omni
555 1949 668 2008 genere
688 1929 877 2002 ambitionis,
892 1932 929 1988 vt
946 1948 1004 1989 nec
1022 1929 1101 1989 illud
1121 1930 1242 1990 ambire
1259 1929 1432 1990 sustineam
1449 1928 1530 2005 quod
1548 1946 1649 1988 vnum

447 2028 481 2088 in
508 2028 602 2088 rebus
629 2026 778 2087 humanis
807 2026 1009 2087 ambiendum
1037 2027 1190 2101 duxerim,
1221 2027 1323 2104 siquid
1355 2027 1484 2087 omnino
1513 2025 1649 2085 iudicem

447 2126 658 2187 ambiendum.
713 2125 794 2185 Nam
822 2126 873 2185 dic
899 2124 981 2184 mihi
1007 2144 1063 2202 per
1093 2124 1224 2199 Gratias,
1255 2144 1333 2202 quae
1360 2123 1515 2201 possessio
1545 2126 1649 2201 potest

406 2248 435 2283 ιο
447 2222 571 2285 homini
601 2223 780 2299 contingere
810 2221 862 2284 vel
892 2222 1052 2284 honestior
1078 2222 1129 2283 vel
1155 2223 1255 2283 tutior
1282 2222 1333 2284 vel
1360 2222 1523 2282 iucundior
1553 2239 1649 2299 quam

447 2340 650 2399 synoerorum
664 2320 818 2399 planeque
829 2323 953 2401 γνησίων
967 2320 1165 2382 amicorum?
1197 2320 1266 2381 Alii
1279 2319 1434 2380 fructibus
1446 2318 1647 2397 praediorum

447 2438 614 2496 annuoque
624 2440 720 2481 censu
733 2439 824 2480 suam
837 2420 1023 2480 felicitatem
1036 2418 1234 2504 metiuntur:
1254 2439 1311 2497 ego
1322 2418 1404 2478 mihi
1417 2418 1549 2497 pulchre
1563 2418 1646 2477 locu·

446 2517 514 2594 plea
527 2521 620 2595 atqm
638 2519 707 2595 ipso
727 2519 823 2578 etiam
842 2520 955 2580 Croeso
975 2518 1084 2579 videor
1100 2518 1228 2593 beatior,
1244 2516 1300 2595 qui
1318 2517 1453 2577 diuersis
1467 2513 1650 2592 regionibus

446 2617 513 2676 mm
533 2616 653 2677 multos
671 2616 848 2693 possideam
864 2616 983 2677 amicos
1002 2620 1035 2676 et
1055 2616 1236 2697 integritate
1255 2619 1409 2693 spectatos
1425 2618 1457 2673 et
1473 2612 1650 2673 eruditione

406 2740 433 2791 ¹5
447 2712 584 2773 celebras
603 2716 636 2773 et
663 2713 814 2789 dignitate
841 2713 1068 2791 praecellentes.
1121 2714 1192 2775 Hos
1215 2713 1364 2791 quamdiu
1389 2713 1493 2788 superi
1518 2709 1649 2788 propitii

447 2808 529 2871 mihi
548 2810 657 2871 volent
677 2810 851 2872 incolumes
870 2831 946 2888 esse,
962 2831 1027 2872 non
1047 2831 1176 2888 possum
1193 2811 1273 2873 mihi
1294 2831 1359 2871 non
1381 2809 1559 2888 opulentus,
1583 2827 1647 2869 non

445 2905 624 2969 fortunatus
650 2909 760 2982 videri,
783 2910 988 2985 quantumuis
1014 2909 1070 2969 alii
1097 2909 1239 2971 fortunae
1263 2928 1349 2970 meae
1370 2908 1558 2969 tenuitatem
1579 2925 1650 2967 oon·

445 3006 599 3067 temnant.

488 3102 576 3178 Quod
590 3104 618 3164 si
631 3123 733 3165 nouus
751 3105 871 3165 amicus
884 3108 1028 3165 veterum
1042 3123 1174 3165 numero
1186 3105 1366 3178 accreuerit,
1383 3104 1498 3164 eximio
1512 3103 1649 3182 quodam

404 3221 434 3255 20
446 3200 534 3263 lucro
544 3222 611 3262 rem
621 3203 824 3282 fortunasque
834 3223 921 3265 meas
930 3206 1037 3264 auctas
1046 3202 1187 3263 arbitror.
1232 3204 1312 3264 (lum
1324 3202 1497 3264 Guilielmo
1508 3202 1646 3274 Budaeo,

447 3299 574 3378 quicum
587 3300 651 3361 iam
665 3300 742 3361 olim
758 3301 839 3361 mihi
853 3300 993 3377 vulgaris
1006 3300 1183 3361 intercessit
1195 3301 1344 3375 amicicia,
1360 3320 1460 3376 nuper
1472 3300 1649 3359 arctissimo

446 3395 706 3476 sanctissimoque
716 3399 957 3460 necessitudinis
970 3398 1094 3459 foedere
1104 3418 1176 3459 sum
1186 3397 1351 3477 copulatus
1363 3420 1371 3471 ;
1392 3403 1485 3475 atque
1499 3398 1526 3456 is
1540 3416 1647 3457 secum

446 3494 524 3556 duos
538 3496 755 3559 amatissimos
770 3498 862 3572 viros,
877 3496 1048 3559 Deloinum
1062 3502 1095 3558 et
1107 3497 1256 3572 Ruzaum,
1273 3497 1308 3557 in
1321 3496 1455 3557 foederis
1469 3496 1648 3556 societatem

447 3595 551 3655 traxit.
594 3593 701 3656 Musas
721 3597 845 3657 omneis
870 3595 965 3656 iratas
985 3595 1126 3668 habeam,
1149 3595 1183 3654 ni
1203 3595 1304 3672 magia
1325 3594 1405 3653 mihi
1427 3593 1568 3670 placeam
1590 3592 1648 3652 hac

403 3713 432 3762 ²5
445 3692 621 3752 accessione
648 3711 743 3771 quam
770 3693 798 3753 si
825 3712 876 3752 me
904 3693 972 3753 Rex
1002 3692 1183 3754 catholicus
1210 3692 1388 3769 episcopatu
1418 3690 1646 3767 locupletasset.

446 3788 547 3866 Atqui
566 3789 625 3850 hoc
642 3790 749 3851 animo
769 3810 842 3851 cum
859 3791 929 3866 sim,
947 3792 1030 3869 quod
1049 3791 1140 3852 vnioe
1160 3790 1242 3867 apud
1260 3808 1311 3849 me
1328 3790 1524 3866 concupisco,
1542 3792 1648 3848 tamen

478 3954 808 4015 m.7(acraaannvsa.
897 3958 1117 4011 ossarrasruos:
1134 3965 1323 4001 maarasraoa.
1419 3966 1508 3999 arvo.
1523 3988 1529 4000 .
1544 3988 1551 4000 .
1566 3965 1648 4001 aneio

446 4019 504 4065 add.
517 4017 559 4080 D).
667 4034 688 4069 1.
708 4019 1031 4082 Ego...olariasimess:
1048 4018 1182 4079 Equidem
1193 4034 1216 4067 a.
1300 4019 1394 4080 tuique
1406 4018 1538 4066 similium
1549 4022 1607 4068 add.
1620 4023 1647 4076 β.

446 4095 470 4131 a.
490 4081 630 4133 vltroaaa
645 4089 670 4141 β.
738 4085 993 4146 bonaquapiams:
1011 4085 1115 4133 fortan
1196 4100 1221 4144 4.
1239 4082 1318 4144 longe
1329 4088 1386 4132 aad.
1399 4088 1424 4140 β.
1501 4097 1525 4143 5.
1544 4082 1647 4144 gaudeo

446 4152 503 4198 cdd.
516 4154 542 4207 β.
642 4164 813 4211 nequaquam
831 4184 839 4199 .
856 4184 864 4198 .
883 4185 890 4198 .
911 4152 939 4200 6.
955 4150 1115 4200 abhorream
1127 4155 1161 4207 βε
1178 4149 1300 4212 ingerere
1312 4152 1411 4197 memet
1423 4149 1496 4197 haud
1508 4162 1645 4211 quaquam

446 4213 526 4276 soleo,
540 4215 580 4263 sic
591 4218 690 4264 natura
702 4216 851 4265 abhorrens
861 4233 886 4265 a.
984 4218 1011 4265 8.
1028 4215 1147 4265 iudicem
1159 4220 1191 4272 βε
1209 4215 1249 4263 sio
1260 4232 1284 4262 α.
1382 4229 1406 4275 9.
1424 4215 1469 4263 dic
1482 4251 1487 4263 .
1501 4250 1506 4262 .
1519 4250 1526 4262 .
1539 4214 1648 4263 Gratias

446 4283 503 4329 add.
516 4286 541 4338 β.
619 4284 706 4343 potest
717 4282 825 4330 homini
836 4283 996 4344 contingere
1007 4285 1064 4331 cdd.
1078 4286 1104 4338 β.
1219 4294 1258 4329 11.
1277 4295 1453 4343 synoerorum
1465 4281 1600 4343 planeque
1612 4285 1646 4337 βε

447 4345 599 4408 insignium
609 4350 673 4396 sta.
740 4347 1124 4404 fructibus...12.censua:
1142 4360 1364 4396 censuannuoa.
1446 4360 1483 4406 13·
1501 4349 1603 4407 atque.
1617 4380 1646 4394 ..

446 4412 601 4473 regionibus
618 4418 653 4470 βε
673 4412 769 4462 videor
784 4414 833 4474 qui
849 4430 872 4461 a.
976 4427 1014 4473 ¹4·
1038 4413 1189 4474 possideam
1206 4412 1306 4460 amicos
1323 4417 1357 4469 βε
1379 4412 1494 4460 habeam
1510 4411 1648 4459 amiciciae

447 4477 505 4526 iure
516 4478 722 4528 confoederatos
732 4480 805 4527 viros
815 4495 839 4527 a.
974 4493 1013 4540 ιβ
1032 4480 1123 4541 superi
1135 4478 1247 4540 propitii
1261 4483 1295 4535 βε
1314 4492 1444 4539 superum
1455 4477 1644 4539 benignitaaa

448 4544 486 4592 16.
508 4544 601 4592 volent
618 4550 651 4603 βε
674 4545 748 4593 volat
764 4562 788 4594 a.
874 4559 929 4594 non
947 4557 1056 4608 possum
1075 4578 1081 4593 .
1101 4578 1107 4593 .
1127 4578 1134 4594 .
1157 4558 1195 4604 η.
1213 4547 1391 4592 contemnant
1407 4549 1442 4602 βε
1463 4547 1505 4590 sat
1521 4542 1601 4590 diues
1617 4556 1648 4590 ac

446 4608 600 4658 fortunatus
611 4610 682 4659 mihi
694 4611 788 4659 videor
799 4628 823 4659 α.
916 4625 955 4672 19.
971 4613 994 4660 ai
1007 4616 1041 4668 βε
1060 4611 1083 4658 ai
1095 4610 1157 4671 quia
1167 4627 1191 4658 α.
1257 4610 1405 4658 accreuerit
1417 4614 1434 4666 β
1446 4626 1452 4658 :
1469 4609 1613 4657 accesserit
1622 4624 1646 4655 a

446 4687 488 4724 eo.
504 4673 680 4738 fortunasque
693 4711 700 4725 .
716 4713 722 4726 .
735 4711 742 4725 .
755 4677 874 4726 arbitror
885 4682 921 4735 βε
943 4690 1030 4726 meam
1042 4678 1149 4726 auctam
1162 4676 1289 4723 existimo
1299 4691 1322 4723 a.
1417 4674 1484 4723 Cum
1498 4673 1647 4721 Guilielmo

445 4773 452 4789 .
463 4753 538 4801 ..25
550 4740 737 4804 locupletasset
745 4746 800 4790 add.
811 4749 828 4801 β
838 4745 890 4807 (25.
903 4744 1087 4806 episcopatufi
1098 4758 1105 4789 ε
1121 4741 1239 4804 episcopi
1249 4739 1384 4804 dignitate
1393 4740 1438 4802 H).
1506 4741 1547 4788 26.
1558 4740 1646 4801 Atqui

445 4806 629 4868 azstqusls.
697 4806 908 4859 sima¹2sita¹.
974 4807 1047 4873 apud
1059 4812 1271 4865 meszrnecum
1284 4827 1307 4857 a.

477 4992 517 5030 ar.
535 4975 615 5040 olim]
626 4976 666 5025 cf.
680 4976 728 5037 Ep.
741 4988 797 5035 421.
810 4987 842 5035 25
851 4988 878 5023 n.
1101 4987 1142 5035 25.
1159 4973 1327 5037 episcopatu]
1342 4973 1383 5023 Cf.
1396 4973 1446 5037 Ep.
1456 4988 1514 5036 475.
1526 4992 1541 5035 4
1552 4964 1580 5025 n.
