3867 6034
444 699 506 759 222
796 697 985 761 LETTERS
1013 700 1066 762 01¹¹
1093 701 1294 762 ERASMUS
1553 697 1649 782 [1518

444 856 588 934 suspicio,
607 876 674 916 rem
695 857 802 917 animo
823 876 888 917 non
908 876 1037 935 syncero
1057 857 1097 917 ab
1117 857 1178 919 isto
1197 857 1273 934 geri.
1319 856 1426 934 Neque
1446 855 1532 916 enim
1550 876 1649 934 vsque

444 954 521 1015 adeo
548 953 722 1031 gratiosum
750 956 798 1014 est
817 954 898 1031 apud
920 974 971 1015 me
999 953 1241 1015 Guilielmorum
1262 954 1459 1025 vocabulum,
1484 973 1580 1030 quam
1600 972 1649 1013 su·

444 1054 595 1129 spectum,
614 1051 754 1129 primum
774 1052 976 1132 ματαωλόγου,
992 1050 1104 1112 deinde
1118 1056 1254 1129 κηρνκτοῦ
1267 1052 1421 1129 πρόσωπον
1442 1051 1509 1123 hoc,
1526 1050 1647 1128 opinor,

444 1148 573 1228 agentis,
589 1150 625 1209 vt
638 1169 689 1208 me
702 1148 737 1210 in
750 1168 875 1209 nussam
889 1147 1031 1208 illectum
1044 1147 1196 1210 irrideret.

402 1259 431 1310 ²5
486 1246 533 1306 De
554 1246 709 1323 Episcopo
729 1246 907 1307 Poncherio
925 1245 1098 1323 gestiebam
1117 1246 1195 1306 scire
1212 1245 1287 1324 quid
1307 1249 1420 1322 ageret,
1437 1248 1468 1305 et
1485 1264 1564 1305 num
1578 1264 1648 1305 con·

445 1346 567 1405 stanter
579 1363 653 1404 eum
665 1344 701 1403 in
715 1364 773 1405 nos
786 1344 931 1405 animum
944 1342 1102 1404 obtineret
1111 1363 1206 1422 quem
1219 1344 1271 1404 bic
1285 1364 1359 1421 prae
1372 1364 1407 1404 se
1420 1342 1554 1403 ferebat:
1575 1362 1649 1420 prae

445 1463 478 1503 se
491 1441 611 1501 ferebat
630 1441 718 1501 enim
740 1462 846 1502 rarum
866 1443 1023 1520 quendam
1037 1462 1073 1503 ac
1086 1441 1263 1502 mirificum.
1309 1441 1381 1501 Non
1396 1441 1479 1519 quod
1493 1440 1649 1502 ambirem

445 1540 616 1618 quicquam
627 1540 710 1617 apud
720 1539 956 1616 illum-cuius
965 1540 1011 1600 rei
1021 1540 1072 1600 vel
1086 1540 1154 1618 ipse
1164 1540 1255 1601 testis
1265 1542 1321 1613 est,
1335 1539 1397 1600 sibi
1414 1539 1557 1600 conscius
1571 1540 1649 1617 quid

446 1638 594 1699 detulerit
617 1642 648 1697 et
671 1638 747 1715 quid
772 1657 830 1715 ego
857 1638 1131 1716 responderim-3
1160 1638 1215 1699 sed
1239 1637 1321 1716 quod
1344 1637 1594 1715 pulcherrimum
1616 1642 1649 1697 et

401 1752 433 1801 30
445 1736 648 1797 ambiendum
662 1756 729 1796 esse
744 1736 888 1797 ducerem
899 1735 929 1796 ei
941 1735 1096 1814 placuisse
1106 1735 1174 1797 viro
1188 1735 1240 1815 qni
1255 1738 1374 1814 optimo
1385 1736 1496 1813 cuique
1511 1735 1649 1796 maxime

444 1835 551 1913 placet.
598 1833 817 1895 Clarissimum
840 1835 1016 1895 senatorem
1040 1834 1218 1910 Dominum,
1241 1834 1292 1894 cui
1319 1837 1351 1893 te
1378 1834 1548 1911 impulsore
1575 1833 1649 1894 scri·

444 1951 575 2011 pseram,
602 1932 791 1992 subuerebar
811 1951 851 1992 ne
879 1931 954 2010 quid
975 1936 1134 2009 vtcunque
1156 1936 1280 1994 nostrae
1304 1932 1508 1993 offendissent
1528 1932 1646 2007 literae,

445 2028 570 2107 quodis
587 2028 671 2089 nihil
689 2028 819 2089 omnino
835 2029 1043 2108 responderet
1088 2030 1170 2091 Nam
1188 2030 1267 2091 scito
1280 2030 1365 2090 intra
1378 2049 1502 2090 menses
1515 2033 1650 2107 quatuor

445 2125 528 2187 nihil
555 2126 650 2186 istinc
677 2125 809 2186 allatum
837 2147 902 2187 esse
932 2127 1097 2187 literarum
1128 2130 1248 2204 praeter
1274 2127 1331 2187 bas
1358 2130 1539 2202 postremas,
1571 2147 1650 2205 quas

400 2239 431 2288 35
445 2223 587 2285 Lutetiae
612 2223 703 2283 datas
726 2224 777 2283 die
800 2225 929 2284 brumae
951 2245 969 2285 e
993 2223 1156 2302 Maguntia
1179 2224 1268 2284 misit
1289 2224 1455 2285 Huttenus
1479 2226 1588 2285 noster
1609 2224 1649 2284 ad

446 2322 603 2382 decimum
618 2321 682 2382 Oal.
699 2322 839 2383 Martias

485 2419 593 2494 Porro,
606 2419 689 2496 quod
701 2420 813 2479 scribis
823 2421 975 2498 quosdam
985 2419 1044 2479 hoe
1059 2420 1207 2481 lemmate
1218 2420 1403 2480 deterruisss
1413 2422 1445 2479 te
1454 2440 1495 2479 ne
1506 2440 1651 2498 pergeres

445 2518 479 2577 in
501 2516 703 2593 prouehendo
722 2520 832 2578 nostro
853 2517 987 2595 negocio,
1004 2518 1087 2595 quod
1107 2517 1281 2594 periculum
1302 2537 1370 2577 esse
1391 2517 1530 2579 dicerent
1551 2538 1601 2594 ne,
1621 2520 1650 2580 si

446 2614 651 2688 successisset,
674 2634 732 2675 vos
757 2635 867 2675 omnes
891 2620 921 2675 ἐν
941 2616 1038 2694 ἀτιμίᾳ
1060 2617 1160 2675 futuri
1186 2614 1302 2690 essetis,
1324 2635 1388 2675 non
1415 2616 1512 2693 potui,
1541 2616 1647 2688 fateor,

401 2739 433 2788 40
446 2712 563 2790 absque
574 2711 638 2771 risu
658 2711 768 2788 legere.
813 2712 921 2789 Neque
934 2712 1019 2771 enim
1033 2711 1114 2772 mihi
1127 2713 1283 2789 rogandus
1301 2733 1342 2786 es,
1360 2712 1478 2789 opinor,
1495 2714 1547 2773 vir
1560 2714 1650 2775 iuxta

445 2809 584 2889 prudens
602 2813 696 2887 atque
715 2829 840 2886 aequus,
855 2830 896 2869 ne
914 2809 996 2869 mihi
1014 2810 1116 2869 fraudi
1135 2810 1176 2869 sit
1195 2810 1278 2888 quod
1297 2810 1350 2870 alii
1364 2811 1402 2869 de
1417 2830 1467 2870 me
1482 2811 1533 2870 vel
1547 2830 1651 2871 errore

446 2909 498 2970 rel
518 2908 585 2968 ioco
606 2908 658 2967 vel
679 2906 784 2968 studio
805 2906 1057 2984 magnificentius
1077 2908 1294 2984 pronunciant
1337 2908 1399 2968 vix
1423 2908 1529 2968 credas
1553 2928 1649 2986 quam

448 3005 527 3065 mihi
548 3005 718 3066 molestum
745 3006 787 3065 sit
813 3004 982 3065 hominum
1009 3005 1188 3066 istiusmodi
1215 3007 1366 3080 studium,
1395 3008 1477 3083 quod
1505 3027 1556 3067 me
1585 3028 1651 3069 non

447 3103 597 3164 mediocri
610 3105 787 3181 frequenter
800 3106 909 3164 onerat
923 3103 1053 3163 inuidia.
1098 3103 1248 3163 Nondum
1261 3105 1358 3164 statui
1369 3108 1477 3164 vtrum
1491 3104 1650 3183 deplorem

400 3222 432 3270 45
446 3199 593 3279 Episcopi
606 3204 731 3276 sortem,
747 3220 788 3261 an
807 3201 958 3278 pietatem
972 3201 1006 3260 in
1019 3199 1153 3277 patriam
1169 3200 1314 3277 admirer,
1330 3200 1384 3279 qui
1401 3205 1448 3261 tot
1467 3202 1651 3264 nominibus

446 3299 604 3361 difficilem
625 3298 813 3377 legationem
834 3299 964 3359 obierit:
986 3299 1125 3376 primum
1149 3298 1183 3358 in
1204 3301 1333 3375 negocio
1353 3299 1494 3374 molesto,
1516 3300 1651 3362 adhaec

445 3398 529 3477 apud
546 3397 676 3475 Anglos,
697 3397 809 3458 deinde
831 3397 953 3475 hyeme,
969 3400 1128 3474 postremo
1148 3415 1220 3455 cum
1241 3397 1324 3472 apud
1345 3397 1417 3456 illos
1438 3396 1545 3457 omnia
1566 3418 1651 3459 nouo

445 3496 643 3575 pestilentiae
653 3496 1006 3573 generaconflagrarent.
1043 3493 1224 3555 Huttenum
1232 3493 1290 3554 tibi
1299 3494 1424 3571 probari
1433 3515 1508 3555 sane
1516 3496 1650 3573 gaudeo:

446 3614 521 3656 nam
534 3595 602 3673 ipse
615 3595 756 3655 bominis
769 3593 896 3673 ingenio
915 3593 1050 3654 delector
1062 3592 1162 3653 unice.
1205 3592 1337 3652 Vtinam
1358 3594 1465 3653 omnis
1484 3593 1572 3654 salua
1586 3595 1652 3655 sint

401 3692 629 3759 50Tunstalloi
659 3712 734 3752 nam
756 3695 787 3750 et
812 3691 886 3750 hinc
911 3691 1053 3752 discessit
1074 3710 1155 3767 eger,
1179 3711 1195 3749 e
1216 3690 1343 3750 famulis
1363 3691 1461 3751 altero
1482 3691 1600 3768 relicto,
1621 3699 1652 3751 et

445 3789 528 3867 apud
543 3789 717 3850 Britannos
730 3790 812 3850 nihil
825 3809 844 3849 a
857 3788 1037 3866 pestilentia
1053 3790 1170 3849 tutum.
1222 3789 1313 3849 Certe
1334 3788 1441 3848 literas
1456 3792 1525 3848 tuas
1539 3789 1651 3850 auidis

445 3886 524 3947 sime
545 3887 708 3962 lectitauit,
735 3892 765 3948 et
787 3888 851 3947 iam
873 3888 1095 3965 argumentum
1116 3889 1248 3964 vtroque
1268 3885 1402 3962 dignum
1422 3887 1651 3964 propemodum

445 3984 628 4062 disponerat

480 4144 520 4190 23.
539 4128 976 4192 mrnmcqovnszewatqovnr.
1043 4126 1376 4191 superserenissimo&
1441 4142 1481 4189 25.
1500 4128 1652 4177 Ponoherio

447 4198 502 4246 edd.
522 4196 556 4246 α’.
677 4196 718 4245 28.
742 4196 842 4244 euius.
863 4231 871 4242 .
891 4231 898 4245 .
918 4210 958 4257 29.
973 4194 1159 4255 responderim
1176 4197 1232 4243 add.
1251 4197 1281 4242 D.
1396 4208 1436 4254 31.
1460 4193 1650 4243 Clarissimum

448 4266 601 4311 senatorem
612 4266 669 4311 add.
681 4266 711 4311 1).
821 4261 883 4310 cui.
899 4260 1095 4322 ..scripseram
1107 4263 1164 4308 add.
1178 4263 1206 4308 D.
1348 4273 1389 4319 33.
1407 4260 1538 4314 scitonfi:
1554 4260 1648 4308 scioF.

447 4341 488 4390 35.
506 4331 555 4383 ue:
573 4328 715 4390 Moguntia
724 4331 760 4379 Η.
874 4341 915 4387 37.
933 4341 968 4374 ne
979 4339 1103 4388 pergeres
1116 4362 1140 4376 ..
1155 4362 1162 4375 .
1174 4339 1215 4385 39.
1227 4326 1398 4373 successisset
1410 4341 1438 4373 a:
1456 4338 1501 4385 ne,
1512 4326 1535 4374 si
1548 4339 1651 4374 succes·

447 4394 529 4446 sisset
539 4397 601 4448 DB:
621 4409 664 4454 ne,
679 4394 702 4441 si
715 4393 896 4456 successisset,
907 4389 1060 4454 perieulum
1072 4392 1144 4439 esset
1153 4393 1183 4439 Ε.
1271 4404 1311 4450 39.
1329 4390 1417 4437 futuri
1428 4390 1523 4439 essetis
1534 4388 1574 4438 a¹:
1594 4391 1650 4439 fore

447 4458 482 4510 α’.
592 4473 633 4519 41.
652 4458 694 4508 αἱς
712 4455 834 4509 iaudie1.
945 4472 985 4517 42.
1003 4456 1045 4504 vel
1058 4456 1149 4506 studio
1159 4455 1378 4518 magnificentius
1389 4459 1446 4504 add.
1458 4454 1491 4505 α’.
1576 4454 1649 4505 affl:

447 4527 643 4589 pronunciauit
654 4523 689 4573 1>¹
695 4528 721 4580 β.
829 4540 869 4583 44.
889 4523 1047 4584 frequenter
1058 4526 1115 4571 odd.
1127 4524 1155 4569 H
1161 4539 1167 4569 :
1183 4536 1228 4569 orn.
1241 4523 1266 4574 β.
1375 4537 1415 4582 49.
1433 4535 1497 4568 nam
1511 4558 1516 4569 .
1530 4556 1536 4567 .
1551 4556 1557 4568 .
1571 4524 1651 4570 vnice

444 4597 502 4643 adri
514 4598 544 4642 1).
643 4606 683 4651 50.
704 4604 767 4638 nam
780 4628 786 4640 .
799 4626 805 4638 .
820 4626 826 4639 .
841 4603 882 4651 51.
893 4592 985 4637 tutum
997 4591 1054 4637 odd.
1069 4590 1099 4635 D.

479 4733 670 4795 23.aer19orroi]
698 4731 770 4781 Wm.
793 4730 866 4780 Petit
887 4729 948 4793 (Ep.
969 4743 1026 4790 522.
1077 4730 1125 4789 675
1137 4727 1199 4775 init.

450 4813 479 4859 17
489 4799 532 4860 n.)
545 4813 629 4847 wasa
641 4798 812 4846 Dominican.
1109 4807 1149 4853 31.
1167 4790 1337 4856 scripseram]
1351 4792 1398 4854 Ep.
1412 4806 1469 4853 535.

479 4864 521 4913 ns.
540 4863 607 4925 quid
627 4859 770 4924 detulerit]
789 4863 815 4910 Α
840 4875 901 4909 sum
924 4859 954 4908 of
978 4875 1027 4919 400
1110 4873 1149 4918 37.
1169 4858 1276 4919 scribis]
1290 4859 1337 4919 Ep.
1353 4873 1408 4918 744.
1422 4873 1456 4920 29
1466 4872 1520 4919 seq.

446 4943 552 4978 crowns
561 4931 592 4977 in
598 4929 725 4976 addition
736 4930 764 4976 to
773 4928 820 4975 the
829 4925 1026 4987 salaryoiiered
1111 4939 1149 4983 50.
1167 4922 1240 4987 eger]
1252 4923 1293 4971 Cf.
1348 4925 1424 4983 .663.
1439 4937 1509 4970 1-11.

446 4996 481 5058 by
500 4995 548 5044 the
568 4993 658 5056 King:
677 4995 711 5043 ci.
730 4992 816 5043 lond.
834 4993 888 5041 xxi.
911 5005 951 5052 ra,
970 4991 1024 5040 LB.
1110 5004 1149 5050 51.
1168 4989 1327 5052 pestilentia
1351 4987 1390 5037 Gi.
1404 4990 1453 5050 Ep.
1465 4992 1522 5049 623.
1537 5002 1619 5051 7seq.
