3867 6034
394 690 453 750 ιιι
743 686 931 750 mursae
958 688 1012 749 os
1039 688 1239 751 amenus
1495 687 1593 773 [1517

393 847 476 923 quod
504 843 704 905 verissimum
731 846 787 918 est,
816 864 880 905 non
910 844 1109 906 mediocriter
1141 846 1180 906 ad
1209 845 1404 907 Christianae
1431 848 1596 926 religionis

392 946 613 1005 ornamentum
628 943 728 1002 iacere
747 961 787 1003 ne
805 943 881 1020 quid
900 943 1030 1003 omnino
1050 946 1179 1004 canatur
1196 948 1252 1005 aut
1270 944 1392 1022 legatur
1409 947 1443 1006 in
1464 945 1596 1024 templis

393 1041 477 1117 quod
499 1060 564 1100 non
585 1040 769 1117 grauissimo
792 1039 1034 1118 doctissimoque
1055 1041 1168 1118 cuique
1192 1042 1314 1117 plaeere
1338 1045 1439 1120 queat,
1463 1044 1526 1106 hoc
1547 1048 1594 1106 est

345 1139 475 1217 eoquod
499 1158 563 1199 non
584 1157 624 1199 ex
648 1138 767 1200 diuinis
789 1137 880 1199 libris
903 1137 1053 1200 haustum
1075 1138 1124 1212 sit
1146 1142 1202 1200 aut
1223 1144 1306 1201 certe
1328 1160 1347 1201 a
1367 1140 1446 1202 viris
1468 1142 1595 1206 eximiis

391 1235 573 1312 profectum
617 1236 708 1297 Nunc
731 1235 854 1309 Siculis,
878 1236 961 1314 quod
983 1237 1081 1312 aiunt,
1103 1238 1202 1314 gerris
1222 1238 1361 1313 vaniora,
1384 1257 1471 1300 nunc
1495 1241 1595 1301 cuius·

391 1333 469 1395 libet
482 1333 572 1396 deliri
585 1334 671 1396 senis
684 1338 740 1395 aut
753 1333 849 1394 etiam
862 1334 1002 1395 aniculae
1015 1333 1138 1395 somnia
1151 1334 1214 1396 huc
1230 1337 1428 1413 irrepserunt,
1444 1341 1479 1398 et
1491 1337 1595 1399 indies

392 1431 493 1509 magis
505 1451 541 1492 ac
554 1431 655 1510 magis
669 1431 820 1509 irrepunt.
857 1431 978 1493 Verum
992 1432 1050 1494 hac
1062 1432 1098 1492 in
1110 1452 1145 1492 re
1158 1436 1317 1510 praestare
1331 1434 1413 1511 quod
1428 1434 1595 1513 desyderat

392 1528 545 1590 celsitudo
572 1532 636 1605 tua,
663 1529 764 1607 magis
791 1533 865 1607 opto
893 1548 987 1608 quam
1014 1548 1152 1607 possum.
1203 1530 1271 1607 Ego
1295 1534 1417 1607 praeter
1443 1536 1593 1594 conatum

344 1631 378 1698 ⁶5
392 1627 555 1688 saedulum
577 1626 659 1687 nihil
682 1627 837 1704 polliceor.
881 1627 952 1687 Non
976 1627 1088 1688 desunt
1109 1630 1216 1688 autem
1238 1627 1289 1688 vel
1311 1629 1393 1706 apud
1418 1629 1595 1691 Germanos

261 1798 266 1807 ι
391 1725 446 1802 qui
459 1744 530 1786 mea
540 1725 694 1786 sententia
704 1725 863 1786 cumulate
872 1725 998 1788 valeant
1011 1724 1076 1786 tuis
1090 1725 1297 1787 sanctissimis
1308 1727 1391 1787 votis
1399 1727 1594 1789 satisfacere:

392 1822 444 1883 vel
458 1823 640 1883 Huttenum
653 1821 750 1883 habes
765 1822 858 1897 domi,
874 1822 1000 1898 linguae
1014 1822 1146 1882 Latinae
1165 1822 1321 1883 delicium.
1367 1823 1494 1885 Interea
1512 1826 1595 1886 mihi

391 1920 492 1997 magis
516 1918 593 1979 libet
617 1918 676 1979 tibi
701 1923 841 1979 mentem
866 1919 961 1979 istam
985 1918 1129 1996 episcopo
1157 1918 1284 1997 dignam
1312 1941 1406 1998 quam
1430 1922 1594 1983 fortunam

391 2016 564 2101 quamlibet
577 2017 715 2092 amplam
733 2015 892 2092 gratulari.
938 2016 965 2076 Ο
982 2015 1104 2075 felicem
1121 2014 1240 2077 Christi
1253 2018 1415 2095 populum,
1431 2019 1460 2079 si
1475 2020 1595 2096 passim

347 2133 380 2185 70
392 2113 552 2192 contingat
572 2114 651 2173 tales
673 2134 740 2174 esse
761 2114 925 2190 praesules,
947 2112 1063 2190 quibus
1087 2114 1204 2173 Christi
1225 2115 1325 2192 gloria
1346 2116 1429 2177 nihil
1449 2117 1493 2177 sit
1513 2118 1594 2179 anti·

391 2213 493 2290 quius,
509 2213 564 2290 qui
577 2231 773 2290 gemmarum
787 2209 899 2287 lucem,
915 2212 971 2290 qui
985 2211 1054 2270 auri
1064 2210 1231 2288 fulgorem,
1242 2214 1297 2289 qui
1310 2214 1431 2290 argenti
1444 2214 1593 2289 nitorem,

388 2311 446 2388 qui
468 2309 555 2386 byssi
577 2310 751 2385 eandorem,
775 2311 830 2388 qui
846 2310 928 2371 cocci
949 2310 1064 2387 ignem,
1089 2307 1227 2369 breuiter
1250 2310 1305 2386 qui
1329 2313 1434 2371 totum
1457 2312 1595 2374 Aaronis

389 2409 539 2467 ornatum
555 2408 696 2468 moribus
708 2428 744 2469 ac
753 2409 820 2470 vita
832 2409 987 2483 referant3
1007 2406 1122 2483 quibus
1132 2406 1229 2467 etiam
1243 2409 1271 2468 si
1284 2408 1416 2485 pallium
1428 2428 1464 2470 ac
1477 2410 1595 2488 pedum

388 2503 545 2578 detrahas,
561 2508 667 2565 tamen
681 2505 841 2582 episcopos
854 2522 1014 2582 agnoscas.
1056 2504 1098 2564 In
1115 2508 1146 2564 te
1160 2503 1296 2580 fortuna,
1313 2525 1408 2583 quam
1420 2507 1595 2584 antiquitas

348 2621 379 2675 75
388 2618 514 2662 coecum
528 2601 665 2676 iaciebat,
683 2603 805 2663 oculata
818 2603 951 2663 videtur.
995 2602 1127 2663 Generis
1141 2603 1190 2662 tui
1203 2603 1297 2682 longe
1315 2604 1488 2666 clarissima
1501 2609 1594 2667 atem·

390 2700 478 2758 mata
490 2717 615 2758 morum
629 2702 756 2759 tuorum
767 2700 960 2760 ornamentis
973 2698 1122 2761 illustras.
1153 2700 1391 2780 Archiepiscopi
1405 2702 1595 2780 dignitatem

389 2794 475 2856 vItae
488 2795 668 2872 integritate
687 2797 893 2875 conduplioas
937 2797 1143 2859 Cardinalicio
1159 2800 1264 2876 galero
1281 2801 1385 2861 nescio
1402 2802 1479 2878 quid
1499 2802 1595 2865 maie·

391 2892 483 2954 statis
495 2893 638 2954 additum
652 2895 784 2970 videtur,
796 2899 998 2972 posteaquam
1012 2898 1048 2955 tu
1062 2916 1127 2957 non
1147 2898 1306 2958 recusasti.
1351 2898 1432 2974 Qurid
1452 2904 1595 2978 superest

391 2990 455 3052 nisi
474 2994 510 3051 vt
528 2991 691 3052 Christum
705 2993 776 3069 cpt.
793 2993 873 3054 Max.
890 3012 1133 3070 comprecemur,
1150 2999 1186 3055 vt
1205 2996 1299 3056 istam
1318 2999 1459 3057 mentem
1477 2997 1546 3075 tibi,
1563 3002 1596 3059 te

253 3136 257 3145 .
344 3102 380 3151 ao
393 3089 485 3151 nobis
499 3109 593 3168 quam
607 3089 784 3152 diutissime
797 3095 902 3152 seruet
914 3092 1132 3153 incolumem?

432 3186 573 3249 Louanii.
590 3188 632 3249 xi.
647 3190 743 3250 oalen.
760 3188 829 3251 Ian.
844 3190 940 3249 Anno
954 3186 1111 3270 mn.xvr1[
1129 3186 1150 3270 ].
1233 3264 1235 3268 ,

622 3394 767 3481 ηε746157
812 3393 911 3460 Fnou
935 3394 1057 3459 Euhan
1081 3412 1127 3459 nn
1150 3413 1193 3460 ιι
1217 3398 1355 3463 Minor.

426 3529 594 3584 Auctarium
607 3547 635 3599 p.
649 3531 711 3586 216.
1354 3532 1469 3607 (Eup.)

428 3614 457 3669 ι’.
471 3634 500 3686 p.
516 3630 584 3682 170:
605 3614 677 3672 HN:
698 3615 787 3672 Lond.
800 3615 840 3670 iii.
855 3631 906 3687 45:
927 3615 982 3671 LB.
996 3620 1056 3686 348.
1266 3634 1300 3688 30
1312 3619 1468 3677 December
1482 3625 1559 3695 1519.

434 3760 595 3810 urlsroua
617 3760 811 3810 cmmsslm
835 3761 1006 3812 PRINCIPIS
1028 3762 1158 3811 ausam
1182 3763 1333 3813 Episcopi
1358 3765 1559 3817 Laomurisls

680 3863 728 3912 AD
751 3863 914 3912 ERASMVM
938 3865 1197 3913 ROTERODAMVM
1221 3867 1247 3912 S.
1267 3867 1299 3913 D.

434 3985 651 4045 Garmssms
678 3985 807 4047 fuerunt
834 3986 914 4046 mihi
941 3987 1001 4047 hae
1027 3986 1143 4061 literae,
1167 4008 1244 4066 quas
1271 3989 1309 4048 ad
1338 4009 1390 4049 me
1416 3989 1595 4069 Paschasio‚

391 4081 518 4143 ‘homini
538 4082 587 4142 tui
607 4082 826 4143 amantissimo
846 4086 879 4144 et
897 4084 978 4144 mihi
996 4088 1092 4162 grato,
1109 4086 1230 4147 dedisti.
1276 4087 1463 4149 Gratissima
1481 4090 1544 4152 fuit
1563 4096 1597 4153 et

394 4178 597 4257 Paraphrasis
623 4184 679 4240 tua
705 4181 739 4240 ιιι
765 4180 858 4243 Pauli
882 4183 1048 4259 epistolam
1072 4184 1111 4243 ad
1137 4183 1328 4246 Rhomanos.
1382 4188 1595 4263 Quamobrem

394 4278 589 4341 immortales
602 4277 663 4337 tibi
676 4278 790 4355 gratias
803 4298 862 4357 ago
875 4280 958 4358 quod
973 4281 1012 4341 ad
1029 4300 1081 4341 me
1099 4280 1207 4343 literas
1221 4286 1292 4343 tuas
1304 4284 1434 4360 dederis,
1451 4287 1595 4366 quodque

361 4391 380 4441 5
394 4376 429 4438 in
443 4377 520 4455 ipsis
533 4376 635 4437 literis
648 4377 727 4437 bene
738 4378 776 4438 de
788 4397 839 4438 me
853 4378 992 4456 opineris
1004 4382 1036 4439 et
1050 4380 1174 4440 sentias.
1219 4382 1345 4443 Gaudeo
1359 4383 1415 4444 abs
1428 4388 1460 4444 te
1473 4384 1596 4447 laudari

394 4474 519 4536 laudato
536 4474 613 4536 viro.
656 4473 838 4538 Praesentia
856 4476 937 4536 mihi
955 4475 1108 4537 haetenus
1128 4479 1257 4555 ignotus
1272 4479 1369 4558 fuisti,
1385 4480 1469 4543 fama
1488 4486 1594 4545 autem

397 4575 428 4633 et
449 4571 577 4634 nomine
592 4591 612 4633 a
630 4571 780 4633 decennio
800 4572 992 4647 notissimus,
1011 4576 1081 4634 tum
1100 4575 1140 4634 ob
1160 4576 1365 4639 excellentem
1386 4580 1595 4642 eruditionem

431 4732 487 4782 745.
506 4735 547 4783 ⁶2.
564 4732 691 4797 hacid-1:
709 4733 762 4783 hue
773 4732 810 4789 β’.
918 4735 958 4785 80.
978 4749 1060 4797 quam
1072 4736 1226 4787 diutissime
1238 4744 1294 4789 aaa.
1307 4741 1329 4787 δ.
1438 4742 1494 4793 itt
1512 4757 1562 4794 rur.
1574 4749 1597 4791 ι)

398 4799 431 4859 (a.
444 4811 471 4847 a.
483 4813 527 4847 osa.
544 4796 607 4863 12¹):
625 4812 748 4849 marva
760 4814 896 4850 rrrsoorvs
906 4813 1058 4851 amaturus
1068 4816 1171 4853 saraae
1182 4817 1356 4856 ammoraao
1366 4820 1388 4857 s.
1401 4820 1428 4856 u.
1440 4811 1473 4857 Η.

430 4963 487 5013 746.
506 4977 544 5023 pa.
562 4962 692 5027 aaronis]
704 4964 744 5014 (ti.
759 4963 841 5015 mod.
852 4967 893 5016 ait.
1056 4984 1094 5029 74.
1111 4969 1274 5034 antiquitas]
1287 4970 1327 5020 cf.
1341 4970 1422 5034 Apul.
1434 4976 1467 5021 Μ.
1482 4987 1504 5033 7.
1520 4987 1544 5023 a.
