3867 6034
344 715 419 801 444]
654 720 772 783 reon
798 718 999 783 wmmerr
1026 720 1234 784 euvenus
1482 722 1541 781 175

342 874 502 947 indieinm,
520 874 574 936 sed
595 894 719 936 neeesse
737 896 802 937 non
823 877 922 938 hebeo
941 897 1048 939 meum
1069 877 1274 954 interponere
1319 877 1457 939 Februm
1478 895 1544 938 non

342 970 500 1033 allocutus
519 992 593 1033 eum
612 992 652 1033 ex
671 994 735 1052 quo
753 984 838 1035 enno
854 975 1014 1053 superiore
1030 974 1068 1034 ed
1088 978 1121 1035 te
1139 974 1178 1035 de
1197 995 1235 1037 eo
1252 974 1373 1053 scripsi,
1390 993 1544 1036 exoueens

341 1069 411 1131 eine
423 1069 638 1131 valetudinem
648 1071 731 1149 quod
741 1070 780 1131 ed
792 1074 823 1132 te
833 1092 898 1132 non
908 1072 1073 1135 scriberet:
1094 1072 1138 1132 sio
1151 1072 1238 1132 enim
1251 1073 1306 1133 ille
1319 1072 1401 1133 mihi
1411 1073 1541 1133 dixerat
1556 1085 1586 1138 75

342 1167 407 1229 vix
427 1167 525 1228 semel
548 1167 583 1228 in
603 1188 686 1229 enno
706 1188 780 1230 eum
799 1170 897 1231 video.
941 1169 1067 1231 Nollem
1088 1170 1170 1231 hene
1192 1170 1436 1231 controuersiam
1460 1170 1544 1231 inter
1623 1205 1628 1213 ·

343 1284 401 1326 vos
422 1284 492 1326 esse
515 1268 626 1327 ortem.
670 1266 845 1344 Episeopus
870 1270 975 1328 noster
997 1267 1081 1329 dixit
1105 1266 1186 1328 mihi
1207 1286 1241 1327 se
1264 1268 1403 1343 primum
1427 1268 1486 1329 hoo
1507 1267 1543 1328 in

344 1363 510 1425 Britannia
532 1364 699 1425 audiuisse.
750 1366 846 1443 Spero
873 1369 980 1427 tomen
1006 1386 1064 1427 voe
1091 1365 1242 1427 heotenue
1269 1364 1464 1443 depugnasse
1487 1385 1544 1445 pro

343 1461 484 1536 veritete,
495 1463 541 1527 ite
554 1483 622 1524 rem
636 1463 764 1524 silentio
777 1464 813 1523 in
826 1468 986 1541 poetemm
997 1466 1117 1525 teetum
1131 1464 1189 1524 iri:
1209 1465 1280 1523 adro
1292 1467 1348 1544 γὰρ
1359 1464 1485 1542 διαφέρει
1494 1467 1545 1539 τῆς

344 1560 427 1637 δόξης
449 1586 514 1635 σου,
536 1560 572 1636 ἦν
596 1563 762 1625 καλλίστας
788 1562 823 1637 δὴ
848 1562 895 1622 καὶ
921 1566 1042 1627 πολλοῖς
1065 1563 1103 1622 σὺ
1129 1565 1188 1625 τοῖς
1216 1563 1443 1639 φιλοσοφήμασι
1465 1587 1543 1637 περι·
1557 1566 1589 1617 8ο

343 1661 506 1735 πεποίησαι
558 1659 677 1720 Mirum
704 1680 799 1737 quem
827 1679 898 1737 egre
924 1660 1026 1720 ferent
1052 1660 1198 1721 homines
1225 1661 1274 1720 tui
1301 1659 1434 1719 studiosi
1461 1659 1544 1719 hene

344 1757 534 1819 eliminandi
548 1758 645 1819 vestri
657 1777 770 1819 ensem
783 1778 852 1819 esee
864 1759 971 1819 dotem
983 1758 1023 1819 iis
1037 1759 1092 1837 qui
1105 1761 1247 1819 vestrum
1261 1757 1345 1818 istud
1360 1757 1545 1817 institutum

344 1856 581 1918 ineommodum
594 1857 656 1919 eibi
668 1876 735 1917 esee
748 1860 877 1935 putent:
898 1856 932 1917 in
953 1857 1043 1935 queis
1061 1858 1186 1918 Rusone
1199 1875 1323 1916 summe
1336 1854 1430 1916 dolet.
1474 1854 1545 1915 Seio

344 1976 439 2034 quem
450 1956 493 2017 sit
503 1955 629 2018 difficile
639 1956 787 2034 gestienti
797 1956 870 2017 etilo
880 1956 1044 2029 moderari,
1057 1959 1115 2017 ete.
1129 1978 1138 2030 ;
1159 1956 1226 2016 ἀλλ’
1236 1957 1310 2020 ὅπως
1319 1953 1386 2035 (μὴ)
1396 1954 1546 2015 τὸδίκαιον

344 2057 550 2135 τοροκοτέχειν
566 2057 641 2118 ὅπως
659 2053 756 2133 δήποτ’
773 2054 823 2115 οὖν
840 2055 1013 2135 ὀρεγόμενος,
1028 2058 1079 2130 τῆς
1096 2057 1221 2117 εὐκλείας
1239 2054 1293 2131 ἤδη
1313 2055 1453 2133 ὀλιγώρως
1472 2055 1546 2132 ἔχειν
1557 2057 1589 2122 85

345 2152 435 2233 δόξῃς.
478 2152 554 2213 Noli
566 2157 673 2214 temen
687 2172 875 2230 magnopere
888 2152 928 2212 ob
947 2153 981 2212 id
1000 2151 1180 2213 conturbari
1198 2150 1288 2230 queei
1302 2156 1392 2215 κακῶς
1409 2154 1545 2228 ἀκηκοὼς,

345 2252 399 2312 sed
420 2250 621 2311 admonitum
642 2253 673 2310 te
694 2251 832 2327 oportuit
850 2250 890 2312 eb
911 2250 1021 2325 emioo,
1045 2270 1086 2310 ne
1110 2269 1244 2311 oeeseeee
1265 2250 1373 2309 videar
1394 2250 1428 2309 in
1451 2249 1546 2311 emioi

345 2348 536 2409 discrimine
582 2349 654 2425 Περὶ
671 2352 721 2408 τοῦ
740 2349 879 2409 ἀνηδὺωυ
892 2375 946 2408 σου
959 2348 1035 2428 quid
1053 2368 1197 2409 oenseem
1216 2367 1234 2406 e
1253 2367 1304 2408 me
1318 2367 1382 2408 non
1396 2348 1496 2426 exigis
1509 2350 1545 2408 vt

345 2446 501 2520 serihem3
525 2465 625 2523 neque
644 2446 799 2507 eiusmodi
818 2467 891 2508 oum
910 2467 948 2507 eo
969 2446 1050 2507 mihi
1068 2445 1267 2506 familiaritas
1285 2445 1447 2506 interoedit
1468 2464 1547 2524 quee

345 2564 419 2606 enm
433 2548 522 2621 eognt
535 2564 603 2604 rem
615 2543 738 2604 erbitrii
752 2545 814 2606 mei
828 2545 945 2605 inoere:
967 2564 1063 2622 quere
1078 2543 1180 2605 libens
1194 2543 1388 2621 supersedeo.
1432 2543 1481 2604 ‘sn
1494 2545 1547 2604 vel
1558 2560 1592 2614 90

346 2642 469 2702 inuitus
481 2642 612 2702 arbitrio
625 2646 708 2703 etere
722 2662 793 2703 meo
811 2642 937 2720 cogeris,
953 2642 981 2702 si
1000 2646 1106 2703 teoum
1123 2642 1190 2703 iure
1209 2660 1333 2703 summo
1346 2660 1436 2718 egere
1449 2641 1547 2702 velim

346 2761 386 2801 ex
399 2740 538 2801 formula
550 2740 627 2818 legis
640 2740 802 2802 emioitiee
846 2740 948 2817 Quere
965 2759 1102 2817 eequum
1120 2743 1169 2800 eet
1182 2742 1218 2799 rt
1235 2739 1316 2816 τήνδι
1334 2739 1386 2815 τὴν
1403 2739 1549 2816 {modeim

347 2841 419 2915 ἐμὴν
431 2838 609 2918 εὐγνωμόνως
621 2839 761 2915 eeeipies.
803 2839 883 2899 Vele
897 2837 1028 2899 Parisiis
1041 2838 1092 2899 die
1105 2838 1244 2899 brumae

390 2935 483 2997 Hsne
502 2936 627 3013 syluem
646 2936 849 3013 epistolarum
865 2956 977 2996 censeo
990 2939 1026 2996 vt
1044 2935 1159 2997 lentem
1178 2935 1433 3012 supprimant
1451 2934 1548 2995 etiem

348 3036 383 3094 in
397 3034 503 3112 ignem
517 3034 654 3094 obiicias
688 3034 724 3095 si
738 3034 893 3095 eiusmodi
907 3053 1017 3095 rursus
1029 3033 1177 3113 epistolas
1190 3034 1325 3094 seribere
1340 3053 1392 3093 me
1406 3032 1455 3093 vis
1469 3052 1549 3110 qnee
1560 3048 1592 3102 95

348 3135 383 3194 in
396 3132 559 3212 publicum
571 3132 656 3193 exire
668 3134 781 3211 dignae
795 3133 866 3208 sint
881 3136 918 3194 tu
932 3152 984 3193 me
999 3135 1166 3210 prouooeto
1180 3150 1296 3206 rursus,
1312 3130 1435 3191 siforte
1453 3131 1548 3208 nugis

349 3231 478 3292 feriatus
491 3249 559 3291 eese
572 3233 669 3307 potes
714 3230 793 3292 Vele
807 3250 927 3292 rursus.

1227 3325 1465 3387 Βουδαῖοςὸσός.

584 3538 700 3603 ⁶⁶¹745.
745 3538 795 3603 To
816 3540 956 3602 Annene
979 3556 1022 3603 or
1046 3539 1316 3603 ernnrsnno.

388 3673 472 3728 Retio
484 3690 565 3729 verae
578 3673 739 3745 theologiae
752 3674 789 3731 i0.
806 3672 873 3747 <e)'¹
885 3680 923 3728 νο.
1279 3671 1413 3726 Louvein.

386 3760 475 3816 Lond.
488 3761 563 3818 xxix.
578 3778 631 3832 29:
650 3762 706 3817 [Β.
717 3782 743 3818 v.
757 3776 799 3832 73.
1183 3775 1217 3815 22
1230 3757 1385 3815 December
1398 3757 1430 3830 <1
1435 3756 1514 3829 517).

385 3883 453 3947 [The
465 3886 534 3930 Retio
546 3886 618 3931 Veros
627 3886 757 3942 Μυσίαι
768 3883 849 3931 forms
859 3886 920 3945 pert
931 3883 961 3931 oi
974 3882 1021 3930 the
1033 3883 1219 3942 introductory
1230 3882 1329 3929 matter
1344 3882 1374 3929 in
1390 3879 1439 3928 the
1455 3882 1551 3928 Nouum

352 3952 547 4009 instrumentum,
557 3948 619 3997 Feb.
634 3950 705 4008 1516,
714 3948 770 3997 end
781 3962 837 3997 wes
848 3947 953 4011 greatly
963 3946 1102 4010 emplilled
1113 3946 1154 3995 for
1164 3946 1212 3995 the
1223 3946 1322 3995 seoond
1333 3945 1445 4007 edition,
1456 3945 1550 3994 Meroh

354 4029 433 4077 1519;
451 4015 501 4062 hut
513 4015 542 4062 in
554 4013 624 4063 later
634 4014 754 4062 editions
765 4015 789 4062 it
803 4028 859 4062 eres
874 4013 1008 4074 removed,
1021 4027 1051 4061 es
1066 4014 1089 4061 it
1103 4012 1159 4061 hed
1173 4012 1338 4061 meanwhile
1354 4013 1422 4061 beon
1438 4010 1551 4073 printed

351 4079 508 4141 repentely.
545 4079 580 4127 In
599 4079 647 4127 the
666 4079 725 4128 first
744 4083 865 4141 seperate
885 4080 999 4135 edition,
1020 4078 1153 4137 Louvein,
1172 4078 1301 4139 Moriens,
1320 4078 1386 4127 Nor.
1409 4079 1472 4137 1518
1491 4076 1550 4139 (3¹),

353 4146 481 4194 Brennus
489 4143 609 4205 prefixed
622 4146 649 4192 to
660 4145 683 4192 it
695 4144 751 4193 this
762 4144 843 4193 letter
853 4144 907 4192 end
923 4145 973 4206 Ep.
988 4145 1035 4192 661
1047 4162 1053 4200 ς
1069 4143 1161 4192 whioh
1176 4158 1274 4206 eppeer
1289 4142 1347 4192 eleo
1363 4145 1392 4192 in
1409 4141 1552 4191 Schelfer’s

352 4211 463 4269 edition,
478 4209 965 4272 leinnluner519(7)‚supervised
980 4210 1016 4272 by
1030 4210 1147 4266 Hutten.
1159 4210 1214 4258 end
1227 4210 1256 4258 in
1269 4209 1396 4258 Froben's
1408 4208 1438 4256 oi
1446 4207 1506 4255 Feb.
1515 4206 1553 4266 (8)

353 4275 407 4325 end
417 4275 510 4324 linreh
522 4275 636 4336 ¹52⁰(‘)‚
648 4290 707 4335 1521
718 4276 773 4324 end
784 4276 801 4324 J
803 4291 857 4324 une
867 4290 930 4335 1⁵2²
940 4274 988 4338 (ζ).
1012 4276 1047 4324 In
1060 4289 1122 4336 15²3
1130 4276 1259 4324 Erasmus
1267 4274 1413 4337 publiehed
1422 4289 1438 4321 ο
1446 4269 1552 4320 revised

353 4341 455 4389 edition
475 4340 545 4389 with
563 4339 660 4389 Hillen
675 4343 704 4389 et
718 4343 850 4403 Antwerp
863 4342 893 4401 (L
910 4356 953 4403 pp.
969 4355 1009 4388 er.
1024 4342 1084 4401 25,6
1094 4340 1149 4389 end
1161 4355 1201 4401 4ο
1216 4341 1323 4402 29‚30);
1339 4340 1389 4388 but
1401 4354 1436 4387 no
1447 4335 1555 4400 oopyof

353 4408 410 4456 thir
426 4421 477 4455 oen
495 4406 527 4453 be
544 4406 636 4454 found.
671 4407 698 4455 It
716 4421 779 4469 mey
798 4408 831 4456 be
847 4406 999 4469 presumed,
1019 4407 1151 4469 however,
1169 4406 1230 4456 thet
1248 4407 1271 4454 it
1286 4407 1410 4454 eonteine
1427 4403 1474 4452 the
1492 4415 1553 4452 new

458 4566 500 4616 86.
519 4564 588 4627 δόξῃς
598 4570 681 4625 scrinei
689 4586 694 4615 ;
713 4566 783 4627 δοκῆς
794 4571 829 4617 D:
846 4566 922 4616 loreis
933 4570 966 4617 Η.
1099 4567 1139 4627 98.
1160 4565 1272 4614 holder
1282 4566 1296 4615 l
1308 4564 1350 4613 σός
1366 4580 1412 4614 om.
1425 4568 1458 4614 H.

367 4676 604 4684 .—-----

388 4749 425 4793 44.
445 4731 553 4796 serini]
566 4733 615 4795 Er·
628 4748 686 4794 493·
698 4749 747 4794 445
758 4748 813 4795 we·
1010 4749 1050 4795 94
1065 4733 1227 4798 supprimes]
1236 4733 1276 4784 Of·
1285 4733 1335 4795 Er·
1344 4734 1402 4783 ⁸10·
1414 4747 1478 4795 wo,
1487 4732 1554 4790 end,

386 4813 427 4859 93.
445 4799 491 4848 die
504 4797 626 4862 brumae]
644 4799 750 4847 Leolero
767 4801 928 4849 substitutee
978 4800 1020 4847 ior
1034 4796 1167 4848 Budaeus'
1182 4814 1285 4860 resson,
1303 4800 1351 4862 Ep.
1369 4800 1427 4861 896,
1440 4812 1484 4846 111
1498 4812 1552 4859 seq.

355 4867 395 4914 lor
418 4865 475 4913 this
496 4879 528 4912 22
554 4864 614 4914 Feb.
642 4866 714 4927 1518,
736 4865 784 4914 the
811 4866 874 4916 dete
901 4866 931 4914 oi
978 4864 1068 4927 mnf,
1083 4869 1318 4928 Admonitioele.‚n
1334 4879 1389 4926 112,
1402 4866 1554 4914 oommente

356 4932 403 4993 Ep.
429 4931 494 4991 7¹18:
524 4930 685 4992 apparently
707 4930 826 4992 through
854 4946 928 4980 mere
979 4930 1554 4994 onthepromptnesswithwhiohllresmus

356 4996 519 5046 ehemtion.
552 4994 653 5057 orep.
668 4998 722 5057 77&
737 4999 810 5058 34-6.
979 4995 1151 5059 disregnrded
1163 4997 1309 5046 thiewish.
1374 5047 1378 5053 ,
