3867 6034
464 711 525 773 180
811 708 1000 769 nnmnns
1027 706 1080 767 on
1107 706 1323 769 ansanus·
1562 701 1660 787 [ιω

461 871 569 930 nostro
587 868 797 941 recensentur,
817 884 925 926 omnes
942 865 1073 927 honoris
1094 864 1195 941 gratia
1214 863 1379 942 appellaui.
1424 863 1556 924 Minime
1575 864 1663 925 enim

418 987 450 1037 ³0
462 988 513 1028 me
530 966 608 1027 latet
625 964 769 1025 indoctos
786 965 884 1025 doctis
899 984 934 1025 ac
950 962 1111 1041 impmbos
1124 962 1215 1024 bonis
1233 962 1408 1041 permixtos
1418 981 1501 1034 esse,
1518 966 1558 1037 et,
1577 963 1662 1039 quod

461 1066 535 1143 plus
554 1063 669 1142 aliquis
689 1064 827 1138 miretur,
846 1062 992 1123 inimicos
1012 1060 1130 1121 amicis
1175 1062 1294 1120 Verum
1316 1060 1400 1121 docti
1420 1063 1452 1121 et
1473 1060 1550 1120 boni
1568 1060 1663 1122 laude

461 1162 550 1240 digni
570 1163 666 1235 erant,
681 1160 756 1221 boni
776 1179 851 1220 vero
871 1163 903 1220 st
923 1160 1074 1237 potentes,
1091 1158 1236 1236 quamuis
1256 1177 1321 1218 non
1334 1157 1512 1218 admodum
1534 1157 1661 1234 eruditi,

461 1259 550 1338 quasi
566 1278 622 1337 pro
641 1257 723 1319 vallo
739 1257 833 1318 malis
851 1256 1037 1329 obiiciendi;
1059 1258 1093 1315 at
1114 1255 1198 1316 docti
1217 1255 1270 1315 sed
1288 1255 1394 1315 minus
1415 1254 1491 1316 boni
1511 1254 1565 1314 vel
1583 1255 1662 1316 socii

461 1357 550 1418 dubii
569 1357 722 1417 incitandi
741 1358 797 1416 aut
817 1354 1031 1429 confirmandi,
1047 1354 1169 1414 inimici
1185 1373 1259 1413 vero
1280 1353 1418 1413 inimicis
1437 1354 1575 1431 suspecti
1596 1354 1663 1414 red·

417 1473 448 1524 35
461 1455 564 1517 dendi.
609 1453 674 1515 Nec
697 1454 843 1532 opinione
864 1455 990 1531 penitus
1013 1454 1162 1529 deceptus
1186 1472 1279 1526 sum;
1307 1452 1439 1513 maiores
1458 1452 1545 1512 enim
1566 1473 1663 1531 quam

459 1553 519 1614 sub
532 1552 661 1614 initium
671 1557 862 1630 putaueram,
874 1552 982 1612 turbas
995 1550 1165 1612 concitaui:
1187 1570 1252 1610 non
1265 1550 1368 1610 solum
1380 1550 1465 1610 enim
1477 1549 1662 1612 vacillantes

460 1650 609 1724 stabiliui,
632 1651 737 1710 sedet
757 1650 922 1727 plerosque
942 1649 982 1709 ad
1003 1668 1062 1709 nos
1080 1648 1215 1723 traduxi,
1236 1648 1281 1707 ita
1301 1651 1337 1708 vt
1358 1647 1462 1707 verbis
1483 1650 1515 1708 st
1535 1648 1663 1727 scriptis

461 1767 527 1809 ram
541 1735 683 1808 nostram
696 1747 904 1809 defenderint
943 1747 1029 1821 Quin
1043 1746 1245 1807 inimieorum
1261 1749 1440 1807 nostrorum
1453 1746 1663 1808 amicissimos

461 1866 496 1907 ac
510 1845 646 1906 fautores
656 1847 810 1924 quosdam
820 1847 855 1906 in
866 1844 1076 1923 suspicionem
1090 1844 1252 1922 ingentem
1263 1846 1295 1904 et
1309 1863 1373 1903 non
1382 1863 1516 1919 paruum
1528 1844 1662 1921 perduxi

417 1943 591 2013 4oodium:
626 1943 688 2003 nisi
716 1943 795 2003 forte
823 1942 1111 2019 reprehendendum
1138 1961 1255 2015 censes,
1285 1941 1367 2018 quod
1395 1941 1561 2003 crabrones
1588 1962 1662 2003 cum

462 2040 663 2102 crabronibus
696 2040 915 2101 commiserim
959 2041 1010 2112 Et,
1044 2042 1127 2117 quod
1159 2039 1260 2100 risum
1293 2039 1374 2098 mihi
1405 2039 1474 2114 ciet,
1506 2044 1664 2117 coguntur

462 2138 654 2200 sanctissimi
681 2138 743 2199 viri
769 2142 950 2215 conceptam
978 2137 1227 2214 indignationem
1256 2137 1452 2215 supprimere
1475 2140 1508 2197 et
1534 2137 1662 2199 laudem

462 2237 718 2298 molestissimam
741 2236 822 2297 laeta
843 2236 947 2297 fronte
970 2236 1185 2310 dissimulare;
1215 2256 1279 2296 non
1303 2234 1384 2312 quod
1405 2235 1451 2295 ita
1471 2254 1523 2295 me
1543 2242 1660 2310 ament,

462 2335 516 2396 sed
531 2335 605 2413 quia
619 2355 671 2395 me
684 2334 778 2397 rebus
791 2336 857 2396 suis
871 2338 903 2396 et
916 2336 1062 2412 prodesse
1075 2337 1108 2394 et
1121 2334 1230 2395 obesse
1243 2353 1333 2410 posse
1346 2336 1529 2410 cognorunt
1571 2335 1662 2395 Nosti

418 2455 449 2504 45
462 2432 549 2492 enim
563 2451 656 2508 quam
670 2432 789 2494 soleant
803 2433 910 2493 omnia
923 2452 961 2492 ex
976 2432 1140 2493 commodo
1154 2434 1186 2491 et
1199 2430 1396 2492 incommodo
1409 2450 1466 2491 suo
1480 2430 1595 2507 metiri,
1608 2433 1662 2493 sad

463 2529 495 2588 id
509 2528 569 2589 sul>
582 2530 743 2605 praetextu
756 2530 897 2590 honesto.

504 2624 668 2687 Maluisses
689 2626 770 2701 dein,
794 2628 871 2688 dum
892 2628 926 2687 in
947 2626 1124 2688 dialecticos
1145 2626 1293 2703 expatior,
1314 2645 1365 2685 me
1386 2625 1514 2685 caeteris
1534 2625 1663 2687 intactis

463 2723 522 2783 hoc
545 2724 649 2784 solum
673 2744 762 2800 agere
786 2726 869 2803 quod
893 2723 1033 2803 agebam.
1089 2725 1194 2800 Atque
1216 2724 1325 2797 fateor,
1351 2724 1397 2783 mi
1420 2724 1559 2797 Erasme,
1587 2724 1663 2785 haec

463 2821 569 2898 potius
581 2820 680 2881 animi
693 2822 829 2898 quodam
844 2822 964 2899 impetu
979 2841 1074 2900 quam
1089 2822 1205 2882 iudicio
1223 2821 1446 2897 praemeditato
1459 2821 1519 2882 sub
1533 2821 1663 2884 initium

419 2941 451 2992 50
463 2919 638 2996 conscripta
658 2938 741 2979 esse:
766 2939 877 2980 verum
898 2940 972 2981 cum
992 2921 1098 2980 feruor
1118 2919 1173 2980 ille
1193 2939 1256 2990 seu,
1275 2922 1311 2979 vt
1331 2920 1447 2980 rectius
1466 2920 1577 2992 dicam,
1595 2940 1662 2997 per·

463 3016 600 3077 turbatio
626 3016 853 3096 aliquantisper
884 3017 1094 3093 deferbuisset,
1123 3019 1270 3095 pleraque
1302 3019 1384 3078 male
1417 3021 1564 3079 concocta
1595 3038 1663 3080 esse

463 3114 593 3193 digesta,
607 3114 708 3175 multa
720 3115 897 3190 immutata
914 3116 1069 3178 nonnulla
1087 3117 1215 3192 penitus
1234 3115 1398 3176 obliterata
1415 3135 1450 3176 ac
1465 3116 1574 3176 deleta.
1618 3117 1661 3177 Et

463 3212 610 3289 quamuis
624 3211 703 3271 mihi
715 3215 783 3272 tum
795 3213 878 3290 quod
891 3214 1021 3291 agebam
1035 3233 1124 3292 agere
1136 3213 1259 3274 viderer
1268 3212 1435 3290 (siquidem
1448 3214 1664 3275 demonstrare

463 3308 606 3372 volebam
635 3309 960 3388 Reuchlinomastiges
988 3331 1052 3371 non
1079 3311 1184 3372 solum
1212 3310 1372 3388 improbos
1396 3310 1449 3370 sed
1477 3314 1508 3370 et
1535 3313 1661 3387 penitus

420 3431 451 3484 ⁵⁵
463 3408 606 3468 indoctos
626 3411 658 3468 et
678 3408 823 3469 barbaros
843 3428 919 3483 esse,
933 3429 977 3484 ac,
995 3410 1124 3470 Luciani
1144 3410 1253 3480 instar,
1270 3408 1361 3486 quasi
1380 3429 1437 3485 per
1457 3411 1661 3471 transennam

463 3507 624 3567 ostendere
646 3508 800 3583 quantum
821 3507 865 3566 eis
886 3506 926 3567 ad
949 3508 1117 3583 perfectam
1138 3508 1258 3568 deesset
1278 3507 1508 3583 eruditionem),
1530 3510 1661 3569 omnino

463 3608 568 3665 tamen
592 3605 799 3682 egressionem
822 3604 912 3665 illam
939 3605 1060 3665 abolere
1088 3607 1286 3666 decreueram
1298 3628 1306 3679 ;
1335 3605 1389 3664 sed
1417 3605 1662 3667 reclamantibus

463 3702 573 3763 amicis
585 3704 693 3762 contra
711 3702 829 3763 mentis
842 3704 1038 3764 voluntatem
1054 3704 1173 3766 intacta
1191 3704 1351 3763 remansit.
1395 3703 1479 3777 Quin
1494 3706 1564 3763 tum
1578 3724 1662 3782 prae

464 3797 528 3859 dixi
540 3800 606 3859 fore
619 3804 654 3860 vt
667 3800 707 3860 ad
721 3800 841 3878 ingenii
854 3820 908 3861 seu
923 3802 1111 3862 eruditionis
1128 3801 1234 3879 potius
1252 3801 1495 3861 ostentationem
1512 3821 1607 3878 quam
1621 3803 1660 3863 ad

420 3907 530 3956 torem
562 3896 600 3956 de
633 3917 693 3974 qua
723 3897 879 3976 agebatur,
909 3897 1065 3975 pertinere
1097 3899 1262 3959 videretur.
1318 3897 1464 3973 Proinde,
1493 3899 1554 3958 etsi
1581 3899 1663 3961 facta

465 3992 579 4053 iniecta
598 3993 667 4053 {ieri
687 3998 851 4072 nequeant,
871 3995 941 4055 ideo
960 3999 1067 4056 tamen
1087 3997 1219 4074 placent,
1236 3994 1309 4072 quia
1328 3997 1417 4054 tuam
1438 3995 1662 4058 amicissimam

464 4091 655 4152 suscitarunt
672 4094 930 4167 admonitionem,
944 4097 977 4153 et
998 4113 1076 4171 quae
1092 4094 1185 4170 longe
1204 4091 1286 4152 mihi
1308 4094 1425 4169 gratior
1442 4094 1503 4154 fuit
1521 4114 1615 4171 quam
1634 4096 1660 4154 si

464 4193 496 4250 te
509 4192 620 4249 cuncta
633 4189 763 4265 probare
780 4191 962 4267 scripsisses
1007 4190 1089 4251 Nam
1107 4191 1199 4269 plane
1217 4189 1318 4267 liquet
1337 4193 1370 4249 te
1388 4191 1504 4251 nostris
1521 4196 1661 4253 mentem

464 4286 651 4359 adhibuisse,
667 4290 700 4347 et
716 4308 781 4348 non
799 4288 966 4348 minimam
983 4307 1091 4348 euram
1110 4289 1354 4351 existimationis
1372 4308 1459 4349 meae
1478 4308 1604 4366 gerere3
1628 4292 1662 4350 in

418 4395 450 4461 ⁶5
464 4405 526 4464 qua
548 4406 582 4447 rc
605 4386 697 4463 plane
721 4384 908 4446 beneuolum
932 4389 965 4447 et
989 4406 1099 4448 verum
1123 4391 1156 4447 te
1180 4386 1319 4448 ostendis
1340 4387 1485 4446 amicum.
1529 4387 1661 4448 Vtinam

464 4484 523 4546 tibi
544 4505 634 4562 pares
654 4488 758 4562 grates
779 4484 947 4562 aliquando
969 4486 1084 4546 referre
1105 4487 1248 4564 possem!
1290 4485 1434 4545 Facerem
1457 4484 1489 4544 id
1514 4486 1660 4561 equidem

465 4602 526 4643 non
542 4585 608 4643 tam
627 4583 762 4661 benigne
776 4603 871 4661 quam
889 4582 1031 4657 libenter,
1046 4587 1153 4663 vtpote
1172 4582 1295 4644 homini
1314 4582 1458 4643 omnium
1476 4583 1531 4659 qui
1546 4583 1662 4644 viuunt

464 4682 679 4742 amantissimo
692 4686 724 4741 et
739 4682 939 4742 obseruando.

499 4878 540 4923 ⁴0·
558 4862 701 4912 crabrones
713 4868 735 4912 Ε
744 4867 836 4913 lond:
852 4865 987 4914 orationes
998 4868 1024 4913 P.
1119 4879 1159 4925 45
1179 4866 1207 4913 et
1219 4865 1387 4914 incommodo
1398 4881 1444 4915 ora.
1456 4868 1488 4914 N.
1582 4868 1622 4914 60.
1641 4870 1664 4913 E

465 4932 556 5043 ff?
564 4927 710 5043 :egburga
708 4932 733 4978 P.
822 4930 863 4978 66.
883 4933 1002 4981 illaad:
1020 4930 1119 4993 patira
1129 4933 1155 4979 P.
1244 4932 1285 4980 68.
1304 4933 1421 4980 maxime
1431 4938 1485 4980 aare
1495 4931 1663 4980 obseruando
