3867 6034
386 725 433 785 86>
735 716 925 781 LR'FPERS
951 716 1007 779 OF
1032 714 1234 778 ERASMUS
1490 706 1582 790 [1517

386 879 507 939 Verum
528 880 566 938 vt
585 878 618 936 et
637 893 740 935 meam
764 892 837 950 erga
856 875 889 934 te
909 871 1142 933 obseruantiam
1168 888 1327 947 agnoscas,
1350 867 1439 928 effeci
1459 869 1495 926 vt
1515 863 1585 925 illu·

386 977 561 1037 etr-issimus
581 972 732 1050 Princeps
752 990 850 1043 meus,
869 970 1132 1049 Amhiepiscopus
1149 970 1253 1030 verius
1276 970 1359 1041 tuus,
1381 965 1440 1026 tibi
1460 964 1588 1042 propria

387 1093 485 1135 manu
499 1072 655 1135 scriberet.
699 1069 768 1144 Ille,
785 1089 847 1147 quo
865 1088 921 1145 ego
934 1068 1079 1146 pluribus
1094 1067 1229 1145 negotiis
1242 1065 1374 1126 obrutus
1389 1062 1588 1123 breuioribus

387 1176 494 1233 tecum
508 1190 575 1248 ago,
591 1171 679 1230 tanto
696 1167 763 1244 ipse
782 1166 977 1245 longioribus
998 1170 1029 1227 te
1050 1165 1223 1227 conueniet.
1267 1163 1373 1223 Velim
1394 1162 1501 1222 credas
1521 1160 1588 1221 suis

346 1303 377 1339 ro
388 1269 532 1347 scriptis;
551 1286 609 1329 sua
628 1265 784 1343 siquidem
804 1264 980 1341 amplitudo
1000 1283 1065 1324 non
1082 1264 1157 1324 facit
1172 1262 1340 1324 dissidium
1353 1259 1416 1321 oris
1429 1262 1462 1319 et
1475 1257 1585 1319 cordis

389 1367 587 1429 concordant
606 1364 642 1425 in
662 1382 698 1424 eo
718 1363 801 1423 labia
819 1382 892 1423 cum
908 1364 1022 1423 mente.
1066 1362 1154 1435 Vale,
1170 1361 1264 1421 decus
1278 1359 1363 1420 orbis
1383 1357 1588 1434 omniumque

390 1466 562 1537 doctorum,
578 1465 611 1523 et
622 1481 675 1522 me
688 1465 782 1522 tuum
798 1459 1033 1521 vocalissimum
1051 1478 1217 1537 preconem
1230 1457 1485 1519 commendatum
1499 1454 1589 1514 habe.

430 1563 548 1624 Datum
567 1560 727 1635 celerrime
740 1558 915 1636 Steynhem
929 1557 1042 1618 Idibus
1055 1556 1243 1633 septembris
1256 1558 1352 1616 Anno
1367 1556 1437 1631 post
1451 1551 1589 1613 natalem

390 1660 509 1724 Christi
526 1674 613 1733 1517.

349 1794 377 1845 ¹5
850 1753 948 1814 Totus
961 1756 1037 1814 tuus
1050 1752 1208 1815 Henricue
1223 1754 1365 1814 Stromer
1378 1748 1587 1812 Aurbaohius

578 1972 829 2059 leccatore„
874 1972 972 2036 Faou
996 1972 1185 2037 Curnamr
1207 1972 1401 2036 Trmsraan.

428 2113 570 2169 Deventer
583 2108 642 2165 MS.
657 2125 699 2180 91,
714 2109 734 2164 l.
750 2110 809 2164 208.
1324 2106 1442 2179 Bruges

429 2200 471 2256 1³¹.
484 2219 511 2271 p.
528 2212 594 2268 129:
613 2195 656 2251 D'.
670 2214 697 2266 p.
713 2197 780 2251 128:
800 2195 829 2250 F.
843 2213 871 2265 p.
887 2197 952 2264 138:
971 2193 1041 2249 HN:
1059 2194 1145 2251 Lond.
1199 2210 1246 2280 ⁴14
1260 2194 1425 2265 September
1439 2191 1555 2266 (1517).

498 2285 540 2341 iii.
554 2301 587 2341 2:
605 2283 660 2339 LB.
674 2298 735 2351 272.

425 2408 478 2472 [Aa
495 2410 526 2456 in
548 2406 597 2468 Rp.
627 2406 684 2467 611,
705 2421 722 2452 α
743 2403 856 2452 denotes
877 2402 926 2451 the
948 2402 1086 2452 Deventer
1109 2404 1284 2466 manuscript,
1308 2402 1364 2452 and
1386 2403 1410 2452 ia
1432 2402 1543 2453 dirided
1566 2408 1594 2451 to

393 2472 560 2535 distinguish
576 2471 625 2520 the
641 2471 702 2518 first
719 2469 795 2519 hand
812 2468 909 2532 (Hand
921 2467 955 2531 B)
973 2469 1030 2518 and
1046 2469 1094 2517 the
1110 2469 1265 2529 corrector]

643 2616 865 2666 CVTHBEBTVS
886 2615 1039 2664 TVNSTAI.
1061 2617 1199 2665 ERASMO
1222 2619 1248 2666 S.
1268 2618 1297 2666 P.
1316 2617 1348 2666 D.

435 2743 502 2803 er
529 2739 656 2801 tandem
678 2736 905 2815 Hispaniarum
925 2738 994 2798 Rex
1014 2738 1050 2799 in
1069 2758 1203 2817 regnum
1230 2738 1399 2816 nauigauit,
1424 2742 1455 2797 et
1476 2757 1534 2814 ego
1557 2756 1597 2797 ex

396 2838 543 2902 8111111111
550 2857 623 2899 cum
633 2836 712 2897 meis
719 2836 774 2896 vix
783 2835 890 2897 saluus
898 2836 998 2910 redeo,
1007 2856 1106 2914 vsque
1116 2837 1193 2896 adeo
1203 2838 1284 2896 tetro
1292 2838 1324 2895 et
1333 2836 1426 2913 plane
1436 2834 1598 2913 pestilenti

397 2937 475 2998 coeli
497 2936 586 2997 illius
607 2934 775 2996 infestatus
797 2934 902 3008 odore,
924 2937 959 2995 vt
983 2935 1156 2995 multorum
1179 2933 1302 2994 dierum
1326 2933 1432 2993 inedia
1453 2933 1597 2994 nondum

397 3034 516 3095 febrem
547 3032 743 3094 accedentem
771 3032 900 3092 omnino
928 3031 1110 3109 depulerim.
1153 3032 1229 3093 Tres
1251 3052 1290 3093 ex
1316 3032 1479 3107 ministris,
1503 3034 1598 3108 atque

368 3131 450 3211 5his
467 3131 595 3209 quidem
614 3128 885 3205 commodioribus,
900 3149 939 3190 ex
957 3129 1042 3190 febre
1059 3130 1148 3208 prius
1167 3130 1380 3191 decubuerant
1394 3150 1489 3209 quam
1507 3128 1599 3189 illinc

399 3228 544 3290 discessi:
573 3248 651 3307 quos
671 3226 735 3288 nisi
754 3228 936 3289 consulente
956 3228 1077 3289 medico
1098 3229 1177 3289 coeli
1198 3229 1344 3289 mutandi
1368 3229 1469 3305 gratia
1489 3226 1599 3289 statim

398 3327 623 3402 mandassem,
640 3345 750 3387 omnes
768 3329 840 3387 ante
859 3326 943 3387 hunc
962 3326 1146 3387 extulissem
1163 3326 1256 3387 diem.
1297 3325 1413 3403 Magno
1428 3326 1600 3388 deciderem

399 3424 451 3486 vel
471 3445 555 3486 nunc
576 3424 699 3485 futuros
716 3424 829 3485 saluos
874 3424 983 3501 Neque
1001 3424 1059 3485 heo
1079 3444 1148 3484 mea
1165 3444 1233 3485 sors
1251 3424 1356 3486 solius
1401 3424 1516 3501 Magna
1529 3441 1601 3500 pars

400 3522 573 3583 aulicorum
593 3521 788 3599 aegrotabat:
816 3521 961 3583 habenda
980 3526 1028 3583 est
1049 3522 1115 3582 Deo
1135 3521 1243 3599 gratia,
1267 3522 1350 3599 quod
1371 3522 1437 3583 Rex
1456 3521 1597 3582 euaserit

358 3650 389 3687 10
401 3622 450 3682 Ex
460 3619 638 3700 pmpuratie
647 3619 754 3680 afflicti
764 3622 847 3680 certe
856 3619 979 3697 aliquot
989 3643 996 3695 ;
1018 3621 1063 3681 ita
1074 3621 1233 3681 neminem
1245 3640 1309 3680 non
1319 3624 1466 3681 vexatum
1478 3619 1601 3681 dimisit

401 3720 457 3780 illa
469 3718 581 3779 insula
623 3718 755 3797 Stygem
768 3718 903 3779 arbitror
916 3738 981 3778 non
995 3719 1087 3796 longe
1101 3718 1191 3779 illinc
1209 3719 1324 3791 abesse,
1340 3739 1375 3779 ea
1388 3723 1437 3779 est
1449 3736 1601 3796 aquarum

402 3818 562 3894 nigritudo
572 3819 666 3893 atque
680 3816 895 3877 amarulentia
931 3816 966 3877 Si
980 3815 1067 3878 domi
1080 3820 1112 3877 te
1126 3817 1161 3876 11
1176 3816 1288 3895 oppido
1298 3817 1449 3889 contines,
1461 3816 1601 3893 vndique

402 3935 441 3974 11
463 3913 580 3974 vicinia
604 3914 801 3992 glebularum
821 3914 930 3976 fumus
951 3914 1015 3991 (his
1038 3935 1163 3993 nanque
1184 3914 1252 3975 vice
1275 3914 1435 3993 lignorum
1457 3912 1603 3988 Vtuntur)

403 4030 495 4072 nares
517 4012 628 4090 opplet.
672 4013 741 4074 Hae
762 4034 800 4074 ex
819 4014 975 4092 vliginoso
995 4017 1028 4074 et
1047 4014 1130 4075 salso
1149 4013 1277 4075 effossae
1297 4012 1372 4088 solo,
1396 4013 1603 4090 quantumuis

360 4138 390 4188 ¹5
404 4107 553 4171 1111111111
579 4108 654 4184 1111,
679 4110 756 4170 dum
783 4110 903 4186 ardent,
929 4111 1054 4172 fumum
1078 4110 1212 4171 reddunt
1235 4110 1270 4170 in
1295 4110 1363 4187 ipsa
1386 4111 1603 4189 penetrantem

402 4206 589 4287 praecordia,
610 4209 726 4283 pectus,
748 4227 845 4283 nares,
869 4212 972 4286 caput,
993 4210 1099 4270 omnia
1116 4210 1302 4268 tentantem.
1345 4209 1465 4269 Audiui
1493 4206 1533 4267 ab
1559 4207 1604 4267 in·

404 4305 527 4385 digsnis
541 4306 692 4366 vestrates
705 4305 911 4368 Hollandiras
927 4327 966 4367 ex
984 4306 1110 4368 mitiore
1126 4309 1233 4367 erutas
1250 4305 1317 4367 solo
1336 4307 1412 4367 thus
1430 4305 1513 4366 olere
1531 4324 1605 4385 prae

404 4403 477 4465 illis
521 4402 610 4479 Quod
626 4403 654 4465 si
672 4402 834 4465 fastidium
853 4405 961 4482 oppidi
980 4405 1083 4466 leuare
1103 4403 1449 4465 obambulatione·velis
1463 4402 1506 4479 (id
1521 4401 1604 4482 qnod

405 4502 535 4563 interim
545 4502 688 4563 factitare
697 4501 865 4579 oonsueui),
876 4502 928 4563 via
938 4503 1014 4581 ipsa,
1027 4504 1127 4564 imbre
1140 4521 1305 4580 conspersa
1317 4502 1368 4562 vel
1381 4501 1452 4577 leui,
1465 4499 1606 4562 tenacius

406 4814 433 4846 a.
540 4810 578 4846 ro.
596 4796 703 4846 dimisit
713 4796 755 4847 a¹:
773 4799 865 4848 emlslt
875 4796 912 4849 cl.
1026 4811 1064 4848 ra.
1081 4799 1222 4848 contineas
1230 4800 1260 4846 D.
1371 4795 1607 4859 1111111111

407 4861 448 4913 (1²2
466 4860 619 4912 Hollldicas
629 4861 663 4914 11.

417 4973 430 5051 f
443 4991 501 5041 coa.
522 5005 548 5040 1.-
562 4991 616 5040 Vix
627 4991 752 5057 tandem]
764 5006 799 5043 on
812 5008 826 5055 7
838 4993 910 5055 Sept.
1167 5006 1205 5043 11.
1222 4990 1326 5057 insula]
1338 4991 1509 5044 Walcheren.
