3867 6034
393 718 434 777 ae
744 717 932 780 ammas
958 717 1012 779 or
1039 714 1240 779 maenus
1493 712 1590 798 [ιω

392 873 425 930 te
438 871 601 933 nominem
611 894 619 948 ;
640 875 755 953 quippe
768 893 841 935 oum
860 871 902 933 sit
919 871 1078 932 maximus
1096 869 1125 932 is
1144 866 1245 931 nostri
1263 868 1380 930 saeculi
1395 888 1489 945 error,
1504 872 1590 950 qnod

393 968 449 1047 qui
467 970 509 1029 sit
529 989 602 1032 vere
622 972 820 1035 Christianus
840 970 1009 1048 ignoretur,
1030 966 1225 1030 Christianos
1244 965 1359 1046 vulgus
1378 986 1432 1029 eos
1451 967 1591 1047 appellat

393 1064 450 1143 qui
462 1065 545 1127 nulli
558 1069 604 1128 rei
616 1072 683 1131 tam
696 1072 771 1132 sunt
784 1066 952 1129 dissimiles
972 1085 1066 1145 quam
1084 1064 1209 1127 Ohristo
1222 1063 1306 1125 vnde
1325 1084 1442 1127 nomen
1458 1066 1587 1129 habent.

393 1165 439 1224 At
452 1164 532 1242 vide,
548 1166 595 1226 mi
607 1168 745 1245 llrasme,
760 1186 856 1246 quam
873 1165 1006 1226 minime
1019 1163 1111 1226 vanis
1124 1161 1273 1242 epithetis
1288 1166 1395 1225 oneret
1413 1182 1505 1226 aures
1518 1168 1590 1227 tuas

351 1286 381 1324 ιο
392 1260 605 1339 pientissimas
628 1265 807 1341 Glareanus,
832 1263 890 1342 qui
915 1260 1007 1324 malit
1033 1263 1066 1322 te
1092 1279 1165 1322 vere
1192 1259 1405 1322 Christianum
1432 1260 1590 1341 appellare

392 1377 488 1437 quam
508 1362 559 1422 vel
580 1362 796 1425 doctissimum
820 1360 872 1424 vel
895 1359 1194 1439 eloquentissimum.
1247 1358 1336 1435 Quod
1360 1358 1449 1421 enim
1472 1378 1590 1423 nomen

392 1460 440 1517 est
452 1476 548 1537 aeque
562 1459 694 1539 dignum
707 1482 742 1523 sc
755 1460 995 1523 Christianum?
1035 1455 1153 1519 Deinde
1166 1456 1205 1517 de
1221 1455 1325 1536 aliquo
1338 1476 1409 1518 vere
1424 1456 1486 1519 dici
1498 1477 1591 1536 posse

393 1554 470 1634 quid
482 1556 668 1634 pulchrius?
707 1560 785 1621 Rsto
798 1558 827 1618 is
839 1558 946 1618 omnia
963 1555 1025 1616 alia
1043 1554 1163 1615 habeat
1205 1553 1337 1615 Vtinam
1350 1554 1427 1616 haec
1440 1554 1589 1618 omnibus

391 1652 547 1731 theologis
564 1675 654 1717 mens
671 1660 753 1719 esset
771 1675 850 1735 quae
869 1654 935 1729 tibi,
950 1656 986 1714 vt
1005 1654 1071 1713 tam
1090 1651 1272 1729 prodessent
1290 1671 1387 1732 quam
1404 1656 1450 1729 tu,
1466 1656 1503 1715 vt
1521 1658 1588 1717 tam

349 1774 379 1827 15
390 1750 559 1814 incitarent
577 1754 616 1815 ad
635 1755 777 1831 drtutes,
791 1757 829 1815 vt
846 1756 914 1814 tam
932 1748 1073 1827 exemplo
1091 1751 1271 1828 praeessent
1290 1770 1385 1828 quam
1398 1751 1587 1830 loquacitate

391 1848 525 1911 vincunt
555 1851 684 1927 omneis,
714 1855 749 1914 vt
782 1850 896 1912 malint
926 1848 1074 1910 uniuerso
1106 1846 1234 1924 mundo,
1262 1851 1299 1909 vt
1331 1850 1377 1925 tu,
1406 1849 1587 1912 consulere!

392 1946 548 2009 Omnibus
570 1949 689 2026 prodes,
714 1949 837 2010 nemini
861 1948 943 2022 obes,
971 1965 1080 2007 omnes
1107 1944 1232 2020 excitas,
1259 1965 1369 2008 omnes
1396 1946 1586 2010 inflammas

392 2044 477 2106 Deus
491 2045 637 2124 Optimus
651 2046 807 2107 Maximus
821 2064 915 2123 quam
927 2043 1129 2122 longissimos
1142 2042 1203 2104 tibi
1215 2043 1334 2106 tribuat
1349 2044 1425 2121 dies,
1441 2047 1476 2107 vt
1491 2064 1587 2125 quam

392 2141 568 2205 diutissime
581 2144 681 2221 prosis
693 2145 837 2205 uniuerso
851 2143 920 2204 orbi
933 2160 1153 2220 succurrasque
1165 2141 1360 2219 ignorantiae
1373 2141 1550 2205 bominum.

348 2265 380 2302 ao
432 2240 494 2303 Sed
512 2240 587 2301 haec
608 2242 766 2303 hactenus.
809 2242 885 2321 Legi
900 2241 976 2302 adeo
997 2259 1105 2317 nuper,
1128 2258 1200 2299 cum
1222 2239 1397 2303 Paruhisios
1419 2241 1585 2318 venissem,

392 2337 556 2417 epistolam
566 2358 635 2400 eam
642 2360 737 2419 quam
746 2340 785 2401 ad
796 2340 985 2419 Episcopum
995 2337 1244 2399 Parrhisiensem
1254 2337 1430 2415 scripseras.
1458 2339 1588 2416 Quaeris

392 2434 468 2513 quid
489 2435 638 2498 fecerim?
678 2439 801 2499 Partim
824 2437 943 2499 letabar
963 2436 1046 2515 quod
1068 2435 1107 2496 ab
1130 2434 1259 2495 homine
1283 2435 1498 2499 eruditissimo
1520 2441 1587 2500 tam

391 2532 506 2594 eximie
524 2532 687 2610 laudarer,
710 2536 828 2613 partim
846 2535 924 2595 item
943 2534 1097 2595 irascebar
1113 2532 1336 2611 execrabarque
1357 2536 1449 2613 caput
1468 2554 1586 2612 meum,

390 2630 473 2709 quod
493 2632 521 2693 is
540 2650 607 2693 non
626 2651 727 2695 essem
747 2653 841 2712 quem
859 2634 1010 2695 Erasmus
1028 2631 1073 2692 ita
1092 2628 1174 2691 belle
1193 2631 1346 2709 pinxerat,
1364 2651 1421 2694 suo
1439 2631 1588 2696 videlicet

348 2756 377 2808 ²⁶
390 2726 524 2791 candore
544 2750 605 2810 quo
627 2730 663 2793 in
685 2726 806 2793 onineis
827 2732 947 2806 vtitur;
974 2729 1090 2808 partim
1111 2726 1289 2807 gratulabar
1311 2748 1421 2793 rursus
1444 2731 1587 2811 mihiipsi

391 2826 473 2905 quod
487 2828 666 2906 exemplum
679 2829 907 2908 praescriptum
919 2828 1075 2902 haberem,
1091 2846 1156 2886 non
1174 2825 1276 2906 qualis
1293 2846 1393 2889 essem
1410 2830 1466 2891 sed
1485 2832 1588 2909 qualis

390 2944 457 2987 esse
480 2924 639 2987 debebam.
690 2927 897 2988 Potissimum
919 2945 1013 3003 quare
1037 2923 1175 2985 dolerem
1197 2927 1271 2999 erat,
1296 2926 1380 3003 qnod
1403 2945 1468 2987 non
1492 2930 1587 2992 modo

390 3023 580 3101 desperarim
601 3024 647 3085 nil
666 3024 768 3085 simile
786 3044 838 3086 me
858 3044 947 3103 posse
966 3023 1096 3084 Erasmo
1114 3041 1184 3083 meo
1204 3022 1326 3096 referre,
1347 3023 1401 3084 sed
1423 3044 1463 3087 ne
1481 3026 1587 3089 verbis

391 3120 519 3200 quidem
534 3122 586 3183 vel
605 3122 767 3183 tantillum
784 3122 906 3201 assequi
922 3142 984 3200 quo
1002 3120 1109 3180 minus
1126 3119 1270 3198 ingratus
1288 3120 1400 3197 videar,
1421 3127 1588 3201 quantum·

347 3247 380 3297 3⁰
391 3238 513 3297 cunque
526 3220 633 3281 animo
646 3224 754 3297 gratus
764 3241 842 3282 meo.
879 3221 998 3282 Verum
1008 3217 1130 3279 abunde
1140 3216 1233 3294 (tanti
1247 3237 1281 3278 es
1293 3219 1436 3282 candoris
1445 3220 1588 3286 humani·

392 3317 538 3395 latisque)
558 3319 634 3379 satis
653 3315 850 3398 g<rbatiarum
869 3316 972 3395 retuli,
990 3316 1018 3377 si
1035 3316 1063 3377 is
1080 3315 1246 3395 aliquando
1267 3335 1319 3377 ero
1341 3337 1436 3396 quem
1456 3322 1587 3385 candide

392 3417 493 3494 magis
513 3435 608 3493 quam
626 3436 698 3476 vere
717 3416 914 3494 descripsisti
958 3416 1084 3476 Diceret
1103 3415 1191 3491 alius,
1213 3416 1300 3494 ‘Ago
1319 3416 1387 3491 tibi,
1406 3419 1591 3485 doctissime

390 3516 528 3590 Erasme,
545 3510 687 3593 g(r)atias
700 3514 901 3590 immortales,
915 3515 1066 3592 ingentes,
1082 3515 1114 3574 et
1126 3512 1199 3575 illas
1212 3515 1334 3576 omneis
1345 3517 1558 3595 amplissimas
1567 3523 1587 3585 ’.

390 3615 450 3677 Sed
465 3604 641 3677 mehercule
659 3612 736 3675 talia
755 3616 872 3693 ignoro,
886 3614 937 3675 vel
955 3613 1029 3692 quia
1047 3612 1166 3673 adulari
1184 3632 1248 3673 non
1267 3612 1371 3690 didici,
1388 3615 1437 3678 vel
1457 3619 1587 3697 quintu

345 3742 376 3795 35
389 3715 542 3777 eiusmodi
563 3715 650 3793 fucos
670 3714 765 3776 odisti
786 3733 917 3792 semper,
932 3713 1028 3775 homo
1046 3716 1113 3772 tam
1131 3710 1247 3789 gloriae
1266 3712 1397 3790 cupidus
1416 3735 1514 3794 quam
1534 3721 1587 3784 ve!

389 3811 534 3874 Ohristus
554 3813 605 3875 vel
625 3815 753 3878 Paulus.
798 3814 998 3891 Quapropter,
1015 3810 1196 3872 charissime
1214 3830 1326 3888 parens
1343 3832 1379 3872 ac
1396 3822 1587 3897 praeceptor,

390 3928 463 3971 cum
482 3913 565 3990 quod
586 3915 757 3976 retribuam
779 3934 880 3992 neque
900 3912 1033 3973 habeam
1054 3929 1154 3988 neque
1174 3910 1280 3986 sciam,
1298 3911 1391 3972 vnice
1410 3916 1443 3975 te
1463 3919 1585 3994 amabo,

388 4007 500 4069 amabo
523 4011 554 4068 ts
576 4010 675 4086 vnioe,
702 4016 734 4072 st
760 4012 896 4090 profecto
920 4013 952 4071 te
976 4010 1068 4070 vnice
1091 4027 1169 4070 amo.
1213 4006 1259 4068 Es
1281 4010 1317 4070 tu
1341 4010 1376 4072 in
1400 4013 1492 4076 eorde
1515 4037 1585 4079 meo

388 4104 541 4184 sepultus,
559 4107 728 4188 eademque
741 4110 809 4170 dies
823 4112 856 4171 et
868 4108 1053 4170 memoriam
1067 4106 1115 4167 tui
1128 4109 1161 4167 et
1173 4105 1274 4167 vitam
1287 4106 1405 4185 eripiet.

341 4231 375 4283 4⁰
429 4202 572 4286 Benigne
591 4225 642 4267 me
663 4208 783 4285 excepit
802 4207 938 4284 Budeus,
957 4205 1185 4268 humanissime
1206 4204 1351 4268 tractauit
1371 4207 1483 4287 (lopus,
1498 4210 1586 4274 fami·

387 4302 554 4368 liarissime
568 4305 648 4367 mihi
660 4307 804 4385 cognitus
820 4305 918 4367 Faber
931 4302 1145 4383 stapulensis:
1168 4323 1261 4382 quem
1275 4324 1349 4366 eum
1366 4306 1477 4370 inueni
1490 4330 1585 4389 quem

388 4405 425 4465 tu
437 4423 562 4482 semper
574 4424 638 4468 vna
651 4424 725 4468 cum
738 4404 838 4468 Beato
851 4404 950 4465 amico
964 4406 1073 4465 nostro
1085 4403 1251 4482 praecipuo
1264 4404 1468 4483 praedicabas,
1478 4408 1584 4472 virum

388 4503 471 4564 carte
487 4503 725 4583 integerrimum
746 4501 1081 4581 humanissimumque.
1125 4499 1315 4580 Episcopum
1335 4505 1418 4564 certa
1437 4503 1476 4565 de
1495 4525 1586 4570 causa

422 4678 447 4727 p
465 4668 582 4717 amisa:
601 4671 680 4718 nouis
691 4673 740 4719 ΕΒ.
857 4681 895 4731 19·
912 4665 953 4716 ⁸¹2
970 4662 1167 4729 ign0mti0²¹0
1281 4678 1321 4715 ²0·
1340 4666 1492 4720 Pfflhissioe
1502 4675 1585 4732 ”W

390 4733 518 4781 madum
527 4749 547 4781 c.
557 4747 598 4795 45,
606 4738 643 4783 oti
654 4732 681 4782 αι
688 4739 796 4794 primam
803 4732 948 4783 Parrbisiis
955 4734 1054 4795 affuit,
1063 4733 1235 4781 mamonis:
1247 4730 1426 4784 Parthisiisa.
1487 4749 1528 4798 8&
1544 4735 1584 4785 n¹z

390 4793 508 4847 incerat
606 4814 647 4859 41.
663 4814 726 4849 eum
738 4802 866 4850 cornlfl:
883 4812 980 4849 cumo.

428 4957 467 4995 ar.
484 4946 626 5008 epistolam
652 4948 674 4998 E
715 4960 771 5011 529.
1082 4946 1305 5012 Copus]SeeEp.
1320 4963 1373 5010 raa.
1389 4953 1457 4999 r6n.

427 5026 468 5072 4ο.
486 5011 608 5077 Budens]
713 5014 794 5077 0⁶⁰⁹·
809 5026 840 5075 19
849 5026 905 5074 aeq.
1049 5027 1090 5073 4⁹·
1107 5013 1585 5079 sesto]cr.rnn1,e,10-1,s4-5.
