3867 6034
453 705 514 765 288
801 703 991 767 LETPERS
1019 704 1072 765 OF
1097 703 1298 766 ERASMUS
1550 699 1648 784 [1518

408 882 440 933 ⁵0
451 861 591 939 primum
605 859 779 935 temerario,
792 859 905 920 deinde
917 860 1061 936 glorioso,
1076 864 1235 938 postremo
1244 860 1468 921 Praedicatore.
1511 858 1649 919 Proinde

453 957 556 1036 siquid
578 956 692 1018 habeas
713 958 917 1034 compertum,
940 957 1063 1018 curabis
1082 958 1284 1032 enotandum,
1302 960 1338 1018 vt
1358 958 1510 1031 minister,
1532 957 1588 1035 qui
1608 960 1647 1030 te,

453 1056 480 1116 si
494 1056 600 1133 possit,
617 1053 773 1131 salutabit,
789 1056 850 1115 huc
864 1055 1024 1116 rediturus
1038 1075 1145 1120 secum
1164 1054 1291 1117 adferat
1335 1054 1395 1116 Oui
1408 1074 1483 1115 sane
1497 1054 1649 1116 viaticum

452 1154 525 1216 dedi
538 1157 690 1232 quantum
700 1153 781 1213 mihi
795 1153 899 1214 visum
908 1156 957 1215 est
965 1153 1032 1214 iore
1044 1154 1121 1215 satis
1134 1176 1141 1227 ;
1161 1157 1267 1215 tamen
1281 1153 1309 1212 si
1324 1154 1399 1230 quid
1413 1154 1493 1214 forte
1504 1152 1648 1225 defuerit,

453 1272 518 1314 non
536 1251 720 1329 grauabitur
738 1252 917 1313 humanitas
936 1255 992 1312 tua
1012 1253 1180 1312 reuerenda
1199 1251 1247 1312 illi
1267 1251 1472 1328 suppeditare.
1516 1250 1587 1313 Iam
1604 1254 1651 1312 tot

408 1371 440 1423 55
452 1352 531 1413 emis
551 1353 641 1426 capte
661 1350 788 1427 Regem,
806 1352 854 1411 tot
874 1350 1172 1411 reuerendissimum
1193 1350 1287 1427 Regis
1307 1350 1474 1421 Achatem,
1490 1352 1523 1409 et
1543 1352 1650 1409 tamen

453 1450 505 1510 hic
524 1448 687 1509 funiculus
707 1447 789 1508 nihil
810 1447 949 1509 attrahit.
993 1447 1029 1509 Si
1052 1468 1137 1509 nuno
1159 1467 1224 1508 non
1247 1448 1394 1524 procedit,
1416 1447 1544 1526 posthac
1568 1445 1653 1525 neto>

453 1549 583 1609 hamum
605 1545 804 1624 periclitabor
826 1565 884 1607 nec
904 1566 1016 1607 escam.
1059 1546 1145 1607 Haec
1165 1546 1254 1618 mihi,
1270 1549 1306 1605 vt
1326 1546 1405 1618 dixi,
1420 1545 1526 1606 fabula
1543 1541 1651 1626 [mihi]

452 1644 627 1725 peragenda
643 1648 699 1705 est.
743 1646 789 1705 Ea
804 1648 928 1721 peracta
947 1645 1074 1705 animus
1091 1647 1139 1704 ost
1157 1643 1196 1704 ab
1216 1644 1276 1703 hoo
1294 1642 1530 1704 sceleratissimo
1546 1643 1652 1704 seculo

451 1744 600 1805 secedere.
642 1745 695 1804 Ad
711 1762 872 1804 summum
885 1762 999 1803 venere
1016 1742 1195 1820 principum
1211 1740 1349 1815 technae,
1364 1741 1522 1802 Romanae
1539 1741 1652 1802 Curiae

407 1848 441 1898 oo
453 1842 666 1920 impudentiae
680 1864 687 1915 ;
708 1844 801 1918 atque
821 1840 849 1901 is
868 1840 993 1901 videtur
1009 1839 1099 1902 breui
1111 1840 1237 1900 luiturus
1251 1839 1357 1916 populi
1370 1842 1479 1912 status,
1494 1841 1530 1899 vt
1543 1839 1652 1900 tolera·

452 1939 550 2001 bilius
562 1940 604 2000 sit
615 1940 786 1999 Turcarum
796 1938 877 1999 ferre
887 1938 1095 2017 tyrannidem.
1132 1938 1184 1999 Ad
1194 1957 1250 1999 vos
1259 1937 1356 2014 igitur
1365 1940 1451 1997 totus
1460 1937 1650 2015 confugiam,

452 2038 540 2099 velut
556 2041 644 2098 extra
664 2035 772 2096 orbem
793 2040 824 2096 et
845 2037 986 2098 fortassis
1004 2036 1136 2097 minime
1159 2035 1357 2113 inquinatam
1377 2033 1461 2095 orbis
1480 2034 1652 2097 Christiani

453 2138 582 2215 partem.
626 2134 715 2210 Quod
729 2135 758 2194 si
771 2154 836 2195 non
853 2135 1023 2212 contingat,
1038 2134 1157 2212 equiori
1171 2137 1254 2193 certe
1267 2133 1373 2193 animo
1387 2132 1550 2194 immoriar
1566 2135 1651 2211 operi

453 2257 518 2298 non
531 2235 638 2313 impio,
654 2233 718 2294 nisi
731 2233 822 2310 plane
836 2234 935 2295 fallor.

817 2481 889 2545 785.
935 2479 984 2543 To
1007 2479 1153 2543 Trionis
1175 2477 1287 2542 Mona.

489 2625 634 2683 Deventer
646 2625 705 2680 MS.
719 2639 763 2695 91,
775 2625 795 2680 f.
810 2639 843 2693 32
856 2630 895 2679 νο.
1440 2621 1574 2678 louvain.

488 2714 544 2769 LB.
557 2714 630 2784 App.
641 2716 703 2783 265.
1398 2724 1411 2779 5
1425 2708 1523 2764 March
1539 2713 1617 2780 1518.

823 2814 979 2862 masuvs
1000 2814 1095 2863 MOBO
1117 2814 1179 2862 SVO
1202 2814 1230 2866 S.
1244 2814 1277 2862 D.

495 2951 534 3011 Iu
548 2948 659 3027 primis
673 2952 705 3009 te
718 2966 793 3025 rogo
806 2949 841 3007 vt
856 2945 929 3006 huic
944 2964 1013 3005 meo
1028 2944 1142 3005 Ioanni
1156 2946 1337 3006 committas
1350 2945 1494 3022 epistolas
1504 2947 1554 3008 vel
1567 2967 1654 3009 meas

454 3048 505 3110 vel
520 3052 599 3123 tuas,
615 3047 643 3106 si
656 3064 732 3124 quas
751 3042 904 3104 indicabis
922 3042 1074 3102 eiusmodi
1090 3043 1127 3102 vt
1146 3044 1347 3104 commutatis
1366 3043 1444 3103 locis
1462 3044 1582 3122 aliquot
1602 3047 1653 3106 edi

453 3146 597 3225 pomint3
629 3163 703 3205 nam
724 3143 757 3204 id
780 3140 909 3202 omnino
930 3139 1029 3202 velim
1050 3139 1149 3200 nolim
1176 3140 1275 3201 faeere
1303 3144 1480 3220 compellor.
1531 3143 1654 3222 Expedi

454 3246 603 3306 iuuenem
617 3247 654 3303 vt
669 3260 763 3320 quam
781 3235 967 3317 celer(r)ime
985 3237 1048 3298 huc
1068 3242 1213 3299 recurrat
1257 3239 1291 3300 Si
1311 3242 1442 3301 senseris
1458 3240 1654 3302 Vrsewicum

425 3344 556 3409 saliono
578 3341 612 3402 in
634 3359 693 3401 nos
713 3358 780 3400 esse
801 3337 915 3413 animo,
940 3356 1006 3398 non
1028 3339 1076 3397 est
1097 3338 1228 3397 fortasse
1245 3339 1415 3399 vexandus.
1459 3338 1516 3399 Sin
1536 3340 1652 3412 minus,

453 3441 567 3503 adiuua
580 3439 619 3499 de
633 3457 733 3516 equ03
754 3454 816 3513 quo
830 3453 915 3496 nunc
927 3434 1063 3495 maxime
1083 3433 1178 3494 fuerit
1196 3454 1274 3512 opus
1289 3438 1345 3496 aut
1361 3437 1517 3497 Basileam
1530 3435 1655 3497 adituro

454 3542 510 3600 aut
523 3537 680 3611 Venetiae,
695 3534 790 3611 idque
808 3532 1009 3611 potissimum
1028 3532 1068 3593 ob
1087 3531 1214 3594 Nouum
1233 3533 1469 3595 Testamentum
1486 3534 1651 3595 edendum.

455 3637 524 3699 Hec
537 3638 621 3709 sunt,
637 3634 683 3694 mi
700 3631 794 3706 More,
811 3649 882 3693 mea
899 3632 971 3691 fata.
1013 3632 1116 3707 Agam
1135 3634 1167 3690 et
1185 3631 1267 3691 hanc
1284 3631 1408 3692 fabulae
1421 3651 1509 3692 meae
1521 3636 1651 3710 partem.

453 3736 570 3797 Postea
589 3730 817 3811 propemodum
838 3733 887 3791 est
906 3730 1031 3790 animus
1050 3729 1132 3789 mihi
1152 3748 1261 3789 canere
1281 3733 1314 3790 et
1334 3729 1454 3804 Musis3
1483 3729 1564 3808 quod
1586 3731 1655 3807 ipsa

411 3848 442 3883 10
453 3832 680 3911 propemodum
695 3832 761 3890 etas
774 3847 809 3889 ac
822 3828 967 3889 valetudo
985 3826 1086 3887 indies
1104 3828 1151 3886 ἐπὶ
1165 3829 1202 3887 τὰ
1222 3828 1450 3905 Μανδραβούλου
1466 3832 1655 3907 προχωροῦσα

454 3930 584 4008 flagitat.
628 3929 729 3989 Tanta
744 3927 796 3987 hic
817 3929 865 3987 eet
883 3926 1028 4003 tyrannis
1045 3929 1282 4002 personatorum
1299 3926 1501 3987 nebulonum.
1546 3925 1654 4005 Neque

454 4028 621 4107 quisquam
641 4026 692 4085 hic
713 4045 780 4085 rem
801 4026 876 4085 facit
899 4027 1020 4102 praeter
1047 4043 1208 4101 caupones,
1234 4024 1397 4084 aduocatos
1425 4026 1457 4084 et
1484 4027 1651 4102 questores.

456 4127 533 4203 Quia
546 4125 625 4185 ferat
638 4124 692 4185 vbi
707 4124 898 4184 maledicunt
911 4121 1013 4195 multi,
1029 4121 1230 4183 benefaciunt
1243 4122 1352 4182 nulli?

495 4223 655 4285 Excusant
668 4242 702 4283 se
717 4220 904 4282 Basilienses
917 4221 956 4280 de
970 4223 1024 4281 tua
1036 4220 1151 4297 Vtopia
1164 4219 1260 4281 dilata
1273 4220 1312 4280 ob
1326 4221 1500 4297 elegantem
1513 4220 1654 4298 prefatio·

412 4340 440 4391 15
454 4342 528 4384 nem
551 4341 647 4400 quam
667 4318 787 4380 addidit
807 4318 942 4379 Budens.
982 4318 1061 4378 Eam
1081 4317 1143 4377 iam
1165 4321 1347 4394 receperunt
1366 4321 1399 4377 et
1420 4337 1498 4395 opus
1518 4318 1654 4396 aggressi

454 4471 559 4530 Ialam;
575 4468 631 4518 and
647 4467 787 4517 dedicated
804 4467 870 4515 itte
887 4465 1029 4514 Sixtusrv.
1080 4466 1128 4515 See
1150 4466 1245 4527 Quotii
1268 4466 1323 4515 and
1349 4465 1456 4515 thani
1478 4466 1507 4515 ii.
1530 4480 1578 4525 4-7
1600 4465 1655 4514 and

455 4537 537 4586 Later
553 4535 590 4584 he
608 4532 753 4598 publishod
774 4535 939 4581 mensuare·
957 4536 1031 4579 Anti-
1080 4532 1230 4581 Ohevalier.

454 4607 580 4663 quitatum,
595 4601 688 4661 Rome,
701 4599 731 4647 Ε.
742 4597 942 4660 silber,3Aug.
958 4597 1029 4659 1498,
1115 4597 1171 4646 784.
1188 4598 1229 4645 62.
1254 4600 1330 4646 extra
1350 4594 1457 4659 orbem]
1478 4595 1599 4658 Perhaps
1617 4597 1651 4645 of.

454 4665 597 4717 dedicated
615 4668 643 4715 to
661 4663 816 4713 Fordinand
834 4662 890 4712 and
903 4660 1028 4724 Isabella,
1081 4662 1157 4725 Verg
1170 4666 1200 4710 E.
1215 4678 1235 4712 1.
1247 4665 1288 4723 67.

454 4731 509 4781 and
527 4731 686 4792 containing
705 4730 753 4779 the
769 4732 924 4778 Βνοιιὲαήωη
939 4727 970 4777 oi
983 4728 1031 4776 the
1114 4728 1171 4778 786.
1187 4743 1208 4776 1.
1227 4726 1366 4791 epistolas]
1377 4727 1418 4777 cf.
1431 4728 1480 4789 Ep.
1493 4728 1548 4787 783.
1560 4728 1593 4775 aa
1605 4741 1631 4774 n.

454 4796 650 4859 pseudo-Philo
659 4796 720 4859 (Ep.
733 4809 789 4856 324.
803 4809 832 4856 14
842 4794 893 4857 m),
902 4797 931 4843 to
939 4793 1030 4843 which
1115 4808 1152 4843 ro.
1172 4792 1210 4841 tul
1222 4792 1256 4841 τὰ
1267 4790 1469 4857 Μανδροβούλου]
1480 4794 1523 4841 ‘in
1540 4792 1635 4855 peius’
1649 4807 1655 4838 ι

454 4862 583 4912 Brumae
594 4862 678 4911 refers
686 4862 716 4910 in
729 4862 774 4909 his
784 4865 862 4909 notes
870 4875 905 4908 on
913 4859 1030 4919 hulam
1080 4863 1159 4920 Aaaq.
1174 4860 1230 4921 158,
1239 4860 1324 4920 citing
1336 4859 1447 4920 Lucian,
1461 4862 1495 4906 Dc
1506 4873 1574 4906 nure.
1586 4861 1652 4905 cond.

454 4928 488 4977 cf.
511 4926 580 4990 Epp.
599 4941 655 4989 797,
674 4927 730 4975 886.
771 4926 807 4975 In
832 4939 895 4987 1499
916 4924 953 4974 he
975 4939 1031 4973 was
1080 4939 1120 4975 21.

452 4993 600 5057 appointed
613 4993 715 5044 latter
730 4993 760 5041 ot'
771 4992 819 5040 the
836 4990 919 5053 Papal
930 4989 1029 5053 palace.
1116 5006 1153 5051 14.
1173 4988 1365 5053 prelationem]
1378 4988 1417 5037 (li.
1430 4988 1477 5051 Ep.
1489 4991 1546 5049 664.
1560 5004 1591 5050 27
1604 5003 1631 5036 n.
