3867 6034
391 716 453 778 562
736 711 927 774 LETPERS
954 711 1009 773 Ol*
1036 708 1237 771 ERASMUS
1527 705 1620 791 [1519

392 873 469 922 later.
504 871 560 920 But
575 869 624 919 the
640 868 763 918 mention
781 868 810 916 of
824 867 952 917 latomus
970 867 1000 914 in
1016 865 1065 928 Ep.
1081 880 1138 927 9⁵⁹³
1157 878 1190 925 33
1207 866 1332 926 suggests
1352 864 1422 914 that
1442 862 1499 914 the
1517 872 1621 915 contro·

391 952 471 1000 versy
481 936 550 985 with
563 936 622 985 him
633 935 695 999 (Ep.
708 949 765 996 934.
776 948 793 994 3
804 934 845 996 n.)
857 946 912 981 was
923 931 981 980 still
994 930 1068 980 fresh
1081 932 1111 979 in
1123 930 1259 979 Erasmus*
1270 928 1383 993 mind]

391 1063 693 1116 nsvmnunlssmo
716 1060 852 1110 DOMINO
875 1060 908 1109 D.
926 1058 1130 1108 evmnmo
1151 1058 1196 1106 DE
1217 1058 1320 1120 caol,
1341 1058 1560 1110 calamum
1582 1061 1620 1110 ΕΤ

563 1165 835 1216 ΑΒΟΗῙΕΡΙΒΟΟΡΟ
857 1161 1044 1219 rotmaro,
1064 1161 1222 1210 masuvs
1243 1161 1321 1212 ROT.
1346 1160 1375 1212 S.
1395 1162 1431 1212 Ρ.

432 1292 610 1368 Qvauovarr
632 1309 694 1350 non
715 1306 842 1366 prorsus
861 1285 1044 1347 abhorrete
1061 1304 1146 1359 vero,
1160 1284 1292 1346 Praesul
1309 1286 1445 1363 optime
1467 1287 1620 1367 idemque

391 1389 541 1465 Princeps
561 1407 634 1447 cum
655 1387 768 1465 primis
787 1383 930 1456 illustris,
953 1381 1036 1460 quod
1060 1381 1137 1443 olim
1158 1382 1274 1460 placuit
1296 1382 1397 1443 Stoae
1420 1386 1617 1460 cultoribus

390 1484 550 1546 felicitatis
573 1485 731 1546 humanae
751 1500 909 1544 summam
932 1480 967 1541 in
989 1479 1101 1541 habitu
1124 1479 1254 1540 virtutis
1274 1498 1347 1540 esse
1368 1480 1490 1559 sitam,
1510 1487 1618 1546 tamen

390 1584 669 1662 Peripateticorum
706 1580 864 1643 sententia
903 1578 985 1639 mihi
1019 1577 1120 1656 magis
1153 1578 1280 1638 videtur
1318 1578 1361 1638 ad
1400 1599 1617 1643 communem

363 1682 557 1750 shominum
584 1699 714 1741 sensum
738 1678 855 1760 pariter
878 1696 913 1737 ac
938 1676 1039 1737 vitam
1063 1694 1255 1753 congruere:
1277 1675 1334 1753 qui
1361 1683 1497 1756 negant
1522 1680 1615 1741 ωε.

390 1778 511 1840 tudinis
524 1778 677 1839 circulum
691 1775 812 1837 absolui
825 1794 924 1853 posse,
941 1774 1005 1834 nisi
1023 1776 1088 1834 tres
1105 1774 1261 1835 bonorum
1279 1774 1419 1836 ordines
1440 1778 1535 1838 inter
1550 1798 1613 1839 sese

390 1876 586 1937 consentiant
599 1875 720 1954 sibique
732 1873 854 1935 mutuis
867 1870 1031 1950 praesidiis
1045 1873 1077 1932 et
1091 1869 1292 1931 adminiculis
1305 1870 1532 1938 famulentur.
1574 1876 1610 1936 ln

389 1974 440 2035 his
452 1994 489 2034 ea
502 1994 581 2053 quae
593 1977 744 2035 vocantur
754 1971 864 2045 animi,
873 1974 910 2031 vt
920 1970 1048 2031 caeteris
1062 1969 1163 2047 magis
1176 1971 1340 2029 merentur
1352 1971 1608 2048 appellationem

390 2071 542 2133 bonorum
557 2072 791 2152 plurimumque
805 2068 958 2130 momenti
972 2068 1120 2128 adferunt
1133 2066 1173 2128 ad
1187 2087 1349 2128 summam
1364 2067 1552 2147 felicitatis,
1569 2073 1607 2132 ita

348 2170 525 2230 lomaxime
548 2174 655 2231 nostra
675 2189 748 2230 cura
768 2171 935 2246 nostreque
956 2168 1107 2243 parantur
1131 2165 1308 2240 industria;
1339 2168 1376 2225 vt
1400 2170 1604 2248 praecipuam

389 2267 593 2335 beatitudinis
606 2267 784 2346 portionem
799 2265 880 2326 nulli
896 2266 1069 2326 secundum
1084 2264 1186 2324 Deum
1200 2263 1301 2340 magis
1314 2263 1497 2328 debeamus
1512 2288 1603 2347 quam

390 2365 526 2442 nobis‚si
539 2367 614 2445 quid
628 2369 736 2426 tamen
751 2364 900 2424 debemus
914 2362 1015 2424 nobis
1048 2362 1145 2423 Porro
1158 2365 1286 2423 naturae
1296 2362 1440 2434 dotibus,
1451 2365 1601 2444 quoniam

389 2464 467 2524 citra
493 2467 633 2525 nostram
658 2463 846 2524 industriam
874 2461 965 2522 nobis
988 2480 1045 2521 ceu
1070 2458 1298 2521 dormientibus
1322 2468 1511 2538 occurrunt,
1535 2484 1600 2524 mea

390 2562 546 2622 sententia
567 2582 633 2622 non
655 2566 723 2621 tam
743 2561 827 2621 beati
848 2579 960 2620 sumus
980 2578 1076 2637 quam
1097 2558 1259 2634 fortunati,
1276 2559 1354 2619 licet
1373 2560 1456 2622 haec
1478 2582 1600 2640 quoque

348 2678 377 2728 15
391 2676 464 2717 cura
481 2659 647 2737 studioque
664 2658 714 2720 vel
732 2661 899 2719 seruantur
911 2657 961 2718 vel
981 2656 1078 2717 etiam
1092 2657 1253 2734 augentur.
1297 2656 1466 2735 Siquidem
1487 2660 1598 2721 Demo

390 2756 529 2829 sthenes,
542 2776 614 2817 oum
627 2760 659 2818 et
672 2776 748 2818 voce
762 2758 844 2817 esset
857 2774 1010 2833 perquam
1024 2755 1107 2829 exili,
1123 2754 1234 2815 deinde
1249 2754 1456 2832 tspiritosus,
1469 2758 1512 2818 ad
1528 2759 1598 2819 haec

390 2851 586 2931 impeditiore
604 2853 731 2931 linguae
750 2873 873 2931 organo,
891 2852 1025 2931 denique
1038 2852 1140 2913 forma
1153 2872 1265 2930 parum
1281 2850 1364 2912 felici
1379 2853 1476 2932 (quae
1497 2875 1548 2917 res
1567 2857 1598 2917 in

390 2957 512 3011 oratore
525 2952 674 3012 nonnihil
683 2950 778 3011 habet
788 2951 963 3027 momenti),
975 2954 1080 3011 tamen
1091 2951 1234 3029 improbe
1244 2970 1318 3011 cura
1328 2952 1598 3033 meditationeque

350 3046 354 3054 ’
390 3048 473 3109 nibil
485 3049 597 3109 harum
611 3050 830 3111 difficultatum
847 3068 910 3109 non
927 3049 1022 3110 vicit:
1042 3051 1075 3109 et
1093 3050 1216 3109 Marcus
1234 3048 1360 3109 Tullius
1379 3050 1597 3113 valetudinem

348 3168 379 3204 ao
390 3147 506 3226 alioqui
526 3146 717 3208 imbecillem
738 3147 783 3208 sio
804 3148 908 3207 motus
928 3165 963 3206 ac
984 3146 1087 3206 victus
1105 3145 1313 3207 moderatione
1332 3146 1550 3224 confirmauit,
1565 3156 1597 3210 vt

391 3246 564 3323 quamlibet
574 3245 697 3324 magnis
707 3244 866 3305 laboribus
875 3263 932 3324 par
941 3245 1032 3317 esset,
1044 3244 1137 3321 idque
1151 3244 1186 3303 in
1196 3243 1331 3305 multam
1342 3244 1442 3305 etiam
1452 3251 1596 3309 aehtem.

390 3343 489 3404 Porro
510 3343 652 3405 fortunae
677 3342 847 3418 commoda,
863 3361 942 3419 quae
966 3342 1056 3402 velut
1077 3361 1193 3418 organa
1213 3341 1347 3402 suntad
1369 3343 1530 3407 virtutem
1551 3345 1597 3405 vol

390 3442 560 3518 parandam
588 3440 639 3501 vel
667 3441 879 3514 exercendam,
910 3439 1067 3518 plerisqw
1102 3459 1169 3500 sero
1197 3440 1394 3517 contingunt.
1443 3442 1532 3504 Nam
1566 3446 1596 3505 in

367 3538 562 3600 'honoribus
582 3539 730 3616 parandis
757 3542 813 3598 aut
836 3536 948 3615 opibus
970 3540 1024 3598 aut
1048 3538 1132 3599 fama
1156 3538 1370 3617 dignitateque
1395 3539 1514 3603 multis
1535 3546 1597 3603 tota

348 3662 377 3712 ²5
389 3636 487 3696 ferme
511 3640 594 3696 aetas
622 3636 804 3710 conteritur,
827 3639 864 3694 vt
887 3634 1053 3696 immensis
1075 3654 1110 3695 ac
1135 3636 1267 3697 diutinis
1287 3637 1370 3697 curis
1395 3638 1484 3698 nihil
1513 3640 1595 3700 aliud

389 3735 554 3795 videantur
571 3735 705 3795 assecuti
719 3753 814 3812 quam
828 3735 864 3792 vt
878 3731 1049 3810 locupletes
1061 3737 1117 3793 aut
1131 3735 1298 3811 optimates
1312 3733 1503 3796 moriantur.
1550 3738 1597 3798 Ita

389 3832 427 3892 fit
440 3835 476 3891 vt
490 3817 547 3892 nec
561 3832 622 3909 ipsi
636 3833 701 3893 suis
714 3831 805 3892 bonis
818 3830 988 3891 admodum
1002 3830 1150 3891 fruantur
1166 3850 1223 3891 nec
1237 3831 1308 3890 aliie
1322 3850 1519 3909 magnopere
1533 3836 1595 3896 sint

389 3929 550 4007 praesidio.

430 4027 497 4103 Quo
511 4047 585 4089 sane
603 4028 729 4089 nomine
745 4027 780 4087 Τ.
792 4026 828 4086 R
840 4026 878 4085 D.
895 4026 978 4086 mihi
996 4025 1088 4103 longe
1107 4024 1358 4087 fortunatissima
1376 4026 1480 4089 videri
1498 4032 1595 4091 solet:

346 4150 377 4200 30
389 4125 440 4186 cui
455 4126 601 4203 quicquid
613 4127 663 4187 vel
678 4147 696 4186 a
710 4129 822 4185 natura
836 4124 903 4184 dari
917 4124 970 4186 vel
984 4143 1003 4184 a
1016 4124 1143 4184 fortuna
1153 4124 1287 4185 conferri
1302 4126 1412 4201 potest,
1424 4127 1595 4206 contigerit

388 4225 481 4300 vltro,
497 4224 664 4302 contigerit
677 4224 805 4298 affatim,
823 4222 990 4300 contigerit
1008 4226 1139 4297 mature,
1156 4242 1217 4300 quo
1235 4221 1388 4283 nimirum
1403 4225 1436 4283 et
1450 4224 1522 4301 ipse
1535 4228 1595 4287 tuis

389 4322 480 4383 bonis
493 4321 670 4383 diutissime
679 4322 743 4382 frui
753 4320 857 4399 possis
866 4322 898 4381 et
907 4321 946 4382 de
959 4320 1107 4399 plurimis
1116 4341 1212 4398 quam
1222 4319 1341 4398 optime
1353 4321 1476 4382 mereri
1513 4324 1594 4384 Nam

388 4424 512 4498 praeter
530 4420 650 4496 ingenii
668 4419 856 4491 felicitatem,
872 4422 995 4496 praeter
1011 4437 1124 4495 corpus
1143 4416 1182 4477 ed
1200 4437 1327 4478 omnem
1348 4418 1480 4480 virtutis
1502 4441 1593 4481 veum

388 4518 643 4596 functionemque
663 4517 758 4595 probe
778 4516 938 4593 sculptum
958 4520 990 4576 et
1009 4515 1238 4590 concinnatum,
1258 4517 1381 4577 tantum
1403 4519 1592 4581 autoritatis

346 4642 376 4692 35
388 4618 513 4676 tantum
528 4614 701 4693 dignitatis,
712 4617 837 4675 tantum
851 4633 946 4692 opum
961 4613 1036 4673 hinc
1050 4614 1167 4674 summi
1181 4613 1345 4674 Pontificis
1359 4614 1594 4694 indulgentissi-

388 4734 460 4775 mus
486 4714 582 4788 fauor,
602 4714 677 4774 hina
701 4711 868 4773 clarissimi
891 4711 1049 4789 Principis
1074 4711 1200 4786 Ciuerii,
1219 4713 1324 4789 patrui
1346 4713 1402 4787 tui,
1423 4715 1593 4794 plusquam

420 4841 468 4875 τιτ.
482 4830 630 4875 nncnorB:
649 4840 727 4875 oaoro
736 4830 769 4873 Η.
834 4840 872 4886 13.
891 4827 1085 4874 occurruntE:
1102 4826 1249 4887 obtingunt
1257 4830 1284 4874 F.
1349 4828 1387 4875 1⁶.
1406 4829 1592 4891 spiritosusl':

298 4928 302 4939 .
389 4893 649 4955 iepirituparuo,E.
748 4907 786 4953 ²9·
803 4890 961 4941 T.R.D.E:
980 4893 1026 4939 tua
1037 4891 1194 4940 sublimitas
1205 4895 1237 4939 H.

389 4974 623 4984 .-·—--..——-

626 4974 668 5065 ἑὸ.
686 5000 801 5065 Ciuerii]
818 5002 867 5051 See
879 5002 946 5064 Epp.
959 5016 1019 5065 532.
1031 5017 1099 5062 2711.
1112 5002 1166 5051 and
1178 5005 1226 5064 647
1240 5003 1338 5054 intrud.
