3867 6034
465 716 528 777 450
811 714 1002 779 murales
1029 716 1083 779 OF
1109 715 1312 779 Erasmus
1567 709 1673 794 [1518

420 874 453 939 ⁶5
465 868 599 930 habebat
618 869 762 931 animum
783 889 912 945 meum;
931 890 1028 949 quem
1052 871 1157 949 ipsum
1186 870 1410 951 qualisqualis
1433 874 1481 931 est
1499 873 1534 931 te
1558 872 1674 931 sutore

465 966 577 1028 lubens
590 986 731 1044 posuero,
746 968 775 1029 si
787 972 823 1029 tu
838 969 883 1029 ita
894 971 976 1030 serio
987 970 1138 1032 censebis

506 1064 613 1142 Neque
623 1085 698 1126 vero
707 1065 760 1126 hic
769 1067 873 1144 agitur
882 1086 978 1146 quem
987 1087 1044 1145 ego
1054 1067 1116 1128 sim
1127 1070 1267 1129 iocorum
1277 1088 1313 1128 ac
1322 1067 1504 1128 facetiarum
1516 1064 1669 1143 prudens,

465 1162 519 1222 sed
541 1162 618 1240 quid
643 1163 766 1224 sensuri
787 1165 827 1224 de
848 1164 941 1227 nobis
963 1165 1030 1227 sint
1054 1166 1109 1243 qui
1134 1186 1193 1227 nos
1214 1187 1233 1226 e
1257 1165 1347 1227 libris
1374 1164 1487 1226 aeditis
1513 1164 1672 1224 duntaxat

465 1260 642 1320 aestimant.
685 1261 840 1322 Noueram
853 1282 920 1325 esse
934 1283 1034 1340 genus
1048 1263 1171 1324 iocandi
1185 1262 1353 1338 Gallicum,
1365 1263 1505 1339 impense
1518 1261 1670 1334 liberum,

422 1374 454 1429 70
466 1359 604 1435 gestiens
616 1378 652 1420 ac
672 1358 765 1436 paulo
783 1358 939 1433 licentius,
954 1361 1038 1439 quod
1055 1361 1174 1422 tetricis
1191 1361 1328 1439 ingeniis
1342 1361 1441 1421 videri
1459 1362 1564 1436 posset
1581 1363 1672 1437 petu-

367 1499 369 1503 -
465 1456 581 1518 lantiae
610 1457 800 1535 proximum
856 1458 936 1519 Mihi
970 1459 1100 1520 videbar
1130 1460 1261 1537 propius
1287 1459 1547 1519 animaduertisse
1573 1460 1670 1519 tuum

466 1556 629 1633 ingenium
648 1556 708 1616 hoc
727 1576 838 1633 genere
858 1557 948 1619 lusus
966 1557 1142 1636 impensius
1157 1557 1312 1633 delectari,
1328 1557 1512 1635 praesertim
1526 1555 1555 1615 si
1572 1575 1670 1633 quem

465 1652 651 1714 familiarius
670 1671 800 1727 amares,
822 1674 883 1732 quo
904 1656 936 1714 te
953 1657 1010 1715 tuo
1032 1654 1184 1716 arbitratu
1204 1674 1313 1733 posses
1333 1653 1504 1714 oblectare:
1524 1652 1581 1730 qui
1603 1653 1671 1714 fere

465 1769 535 1811 mos
552 1755 608 1811 τῶν
621 1752 808 1831 ὥτυχούντων
820 1754 943 1827 cornert,
953 1752 989 1812 in
1003 1751 1121 1813 deliciis
1136 1752 1250 1813 habere
1263 1753 1434 1830 quenpiam
1448 1750 1507 1810 imi
1525 1749 1670 1811 subsellii

422 1866 452 1917 7⁵
465 1848 637 1909 amiculum
653 1868 689 1908 ac
708 1848 816 1911 vernis
835 1852 1023 1927 proximum,
1039 1850 1074 1911 in
1088 1868 1183 1927 quem
1200 1849 1300 1910 animi
1317 1868 1409 1910 causa
1421 1848 1583 1926 quodlibet
1594 1851 1668 1908 tum

465 1945 571 2007 dicent
587 1949 661 2007 tum
682 1946 807 2007 faciant
852 1947 918 2008 Nec
938 1946 1034 2008 istam
1058 1947 1254 2024 voluptutem
1274 1945 1334 2007 tibi
1358 1946 1542 2020 inuiderem,
1564 1946 1595 2006 si
1616 1964 1670 2006 res

465 2046 624 2122 gereretur
642 2047 770 2104 tantum
790 2044 831 2105 iis
851 2045 979 2106 arbitris
996 2046 1053 2123 qui
1069 2048 1212 2106 nostrum
1229 2047 1389 2121 utrunque
1401 2045 1595 2121 pernossent,
1611 2045 1669 2104 aut

465 2139 555 2203 lusus
568 2144 692 2203 nostros
704 2144 770 2203 tam
784 2144 916 2204 candide
928 2143 995 2204 sint
1014 2143 1252 2221 interpretaturi
1271 2162 1366 2219 quam
1386 2160 1444 2217 ego
1465 2140 1665 2217 interpretor.

466 2238 559 2300 Nunc
576 2239 668 2300 vides
683 2258 703 2298 a
719 2240 876 2318 plerisque
892 2240 979 2301 trahi
999 2241 1037 2301 ad
1055 2239 1249 2301 calumniam
1265 2259 1302 2300 ea
1319 2259 1442 2317 quoque
1456 2258 1535 2316 quse
1547 2236 1668 2315 simpli·

420 2347 453 2395 sc
466 2336 591 2397 cissime
611 2338 779 2398 dicuntur:
809 2342 903 2416 atquc
927 2338 1108 2400 huiusmodi
1134 2338 1338 2417 sycophantis
1359 2336 1555 2414 temporibus
1577 2335 1668 2397 hisce

464 2434 559 2512 plena
578 2439 654 2496 sunt
674 2435 790 2496 omnia.
836 2435 918 2510 Quid
939 2436 999 2497 hos
1019 2436 1160 2497 dicturos
1181 2454 1298 2511 censes,
1324 2435 1352 2497 si
1378 2435 1461 2495 iocos
1482 2437 1554 2494 tuos
1575 2433 1668 2494 seriis

465 2532 615 2593 conuiciis
634 2532 812 2593 simillimos
829 2532 944 2611 legant,
960 2553 1039 2611 quos
1057 2553 1117 2611 ego
1131 2553 1211 2609 pene
1229 2532 1316 2593 solus
1334 2532 1479 2593 omnium
1498 2532 1583 2592 iocos
1599 2551 1667 2593 esse

464 2629 515 2690 vel
528 2630 630 2691 sentio
643 2628 694 2690 vel
708 2631 920 2709 interpretor?

504 2726 575 2786 Iam
594 2730 632 2787 vt
649 2746 714 2787 non
730 2727 892 2788 illibenter
907 2729 1009 2790 fateor
1022 2749 1074 2790 me
1093 2749 1157 2790 non
1174 2730 1283 2789 minus
1298 2727 1399 2789 literis
1417 2746 1512 2805 quam
1529 2727 1668 2788 fortunis

419 2823 642 2897 trinis-iorem
662 2824 798 2900 Budeeq
819 2825 874 2900 ita,
896 2826 980 2903 quod
1001 2826 1066 2886 scic
1086 2830 1119 2886 te
1142 2846 1207 2887 non
1232 2825 1355 2886 inficias
1377 2826 1506 2900 iturum,
1530 2824 1667 2885 eruditio

463 2926 527 2997 tua,
550 2942 615 2983 non
635 2942 719 3000 opes,
740 2921 837 2998 Musa,
860 2942 925 2984 non
944 2923 1148 2999 Rhamnusia,
1172 2928 1205 2984 te
1225 2922 1305 2984 mihi
1326 2923 1511 2997 conciliauit,
1528 2922 1594 2982 imo
1615 2942 1668 2982 me

463 3019 524 3080 tibi
536 3020 689 3081 deuinxit.
731 3020 924 3082 Felicitatem
937 3020 1032 3082 istem
1046 3021 1106 3082 tibi
1119 3020 1265 3099 gratulor,
1282 3019 1336 3080 sed
1354 3023 1464 3098 pectus
1480 3038 1551 3080 amc
1565 3020 1667 3097 suspi-

465 3117 583 3196 cicque.
627 3119 811 3196 Quanquam
835 3122 942 3179 autem
962 3118 1045 3179 nihil
1067 3117 1247 3180 addubitem
1273 3118 1350 3195 quin
1375 3118 1518 3178 fortunas
1541 3135 1667 3194 quoque

464 3221 537 3278 tuas
556 3236 620 3277 non
640 3217 697 3277 vni
716 3216 776 3277 tibi
794 3217 850 3277 sed
870 3216 981 3278 amicis
1001 3218 1097 3279 etiam
1116 3217 1282 3294 possideas,
1298 3219 1405 3277 tamen
1425 3237 1443 3276 e
1463 3214 1582 3275 chartis
1601 3214 1667 3275 tuis

419 3315 582 3393 cogaudeo
605 3314 762 3389 ditescere,
787 3314 902 3392 quibus
923 3314 1006 3375 nihil
1028 3315 1180 3375 diminuit
1203 3317 1257 3374 tua
1281 3314 1316 3374 in
1341 3332 1452 3374 omnes
1474 3312 1663 3390 benignitas.

463 3411 636 3473 Escriniis
663 3412 851 3474 nummariis
873 3412 955 3473 nihil
985 3412 1087 3473 adhuc
1112 3432 1169 3472 nec
1196 3411 1294 3471 ambii
1324 3431 1380 3471 nec
1408 3409 1556 3487 decerpsi.
1601 3409 1666 3470 Nec

463 3511 568 3572 tenuis
587 3510 695 3572 haberi
714 3510 805 3571 debet
826 3510 882 3587 qui
902 3529 959 3572 sua
979 3513 1062 3572 sorte
1083 3513 1251 3571 contentus
1271 3512 1326 3569 est
1370 3509 1414 3568 Et
1433 3507 1517 3569 haud
1538 3507 1604 3568 scio
1625 3526 1666 3567 an

463 3609 602 3670 eruditos
615 3608 699 3669 aliud
710 3607 835 3669 iocundi
846 3627 944 3685 genus
954 3609 1068 3683 deceat,
1078 3606 1263 3685 praesertim
1273 3606 1411 3667 amicitia
1421 3605 1663 3666 confoederatos.

464 3706 590 3768 locatur
602 3706 636 3766 in
651 3705 834 3767 Trebatium
850 3724 944 3766 suum
958 3705 1003 3765 Μ.
1017 3704 1152 3780 Tullius,
1168 3703 1300 3765 colludit
1314 3723 1387 3764 cum
1402 3723 1460 3764 suo
1474 3703 1666 3780 Symmacho

419 3827 451 3879 95
462 3805 632 3880 Ausonius,
658 3804 779 3866 iocatur
806 3804 840 3863 in
864 3822 964 3863 vnum
989 3806 1084 3880 atque
1104 3802 1239 3864 alterum
1261 3821 1392 3862 sucrum
1416 3800 1551 3862 Plinius.
1595 3798 1666 3860 Hoc

463 3902 585 3961 iocandi
608 3922 708 3979 genus
731 3901 815 3962 haud
840 3900 904 3960 scio
925 3919 967 3961 an
984 3919 1118 3978 vsqusm
1138 3899 1387 3960 ineruditorum
1408 3898 1500 3960 libris
1521 3897 1663 3974 reperies.

464 3999 508 4061 Et
532 4000 655 4077 aspergi
682 3998 784 4060 solent
811 3998 995 4059 huiusmodi
1022 3998 1151 4077 lepores,
1180 4017 1237 4058 ceu
1268 3997 1469 4057 condimento
1498 3993 1663 4057 sermonis.

464 4096 648 4159 (illiusmodi
661 4117 735 4157 vero
747 4096 874 4174 species,
890 4115 962 4156 cum
980 4099 1066 4157 totus
1080 4115 1215 4156 sermea
1229 4095 1338 4172 capite,
1354 4095 1436 4173 quod
1451 4094 1550 4168 siunt,
1565 4112 1666 4170 reque

463 4196 502 4257 ad
531 4196 646 4259 cslcem
673 4199 797 4273 praeter
822 4197 1002 4267 scommata
1029 4195 1174 4271 strophas
1201 4197 1233 4254 et
1257 4193 1398 4271 obliquas
1426 4193 1557 4255 ὑπονοίας
1583 4190 1665 4251 nihil

405 4317 452 4355 roc
463 4295 583 4356 habet?

500 4394 623 4454 Verum
633 4392 710 4452 haec
722 4394 883 4468 utcunque
896 4389 1064 4464 habebant,
1080 4392 1162 4451 certe
1176 4390 1340 4466 oportebat
1350 4385 1569 4449 iocandi'vices
1580 4388 1665 4448 inter

463 4492 578 4554 amicos
599 4510 667 4552 esse
695 4493 829 4550 mutuas
881 4488 1011 4566 Alioqui
1039 4508 1103 4549 non
1130 4487 1290 4548 videbitur
1316 4487 1436 4548 amicus
1461 4505 1535 4546 cum
1564 4486 1666 4546 amico

463 4591 578 4663 ludere,
597 4589 650 4650 sed
670 4608 725 4649 rex
744 4588 778 4648 in
795 4587 965 4665 parasitum
984 4586 1114 4666 ciboque
1129 4589 1272 4663 emptum
1292 4586 1536 4646 homuncionem
1556 4585 1664 4645 debac-

462 4689 558 4751 chari.
605 4688 698 4748 Nunc
726 4687 754 4747 si
781 4685 856 4765 quid
884 4705 903 4746 a
930 4704 982 4745 me
1010 4684 1142 4745 liberius
1168 4688 1224 4745 aut
1249 4681 1428 4762 simplicius
1457 4683 1578 4742 dictum
1604 4684 1662 4753 est,

403 4811 448 4865 105
462 4786 685 4849 contumeliam
701 4788 837 4846 atrocem
855 4784 948 4859 facis3
970 4783 997 4844 si
1014 4782 1090 4861 quid
1111 4782 1197 4843 lenio
1214 4801 1254 4843 ne
1268 4781 1415 4857 offendet,
1433 4781 1516 4858 quod
1531 4780 1665 4841 liberius

492 4934 696 5048 w'hplffirff
706 4938 810 4993 Govrin:
826 4932 959 4995 posuerim
973 4934 1003 4981 Ε.
1055 4944 1094 4992 75.
1112 4928 1245 4994 quidlibet
1256 4932 1283 4978 ll.
1327 4927 1368 4979 80.
1387 4929 1613 4992 sycophantarum
1627 4933 1660 4977 H.

463 5015 518 5050 101.
558 5013 574 5048 a
692 5035 699 5049 .
771 5020 779 5034 ·
896 5021 901 5030 ·
