3867 6034
447 702 509 763 aar
794 700 982 762 narrans
1011 700 1063 762 or
1090 700 1291 763 saierus
1548 696 1645 782 [1518

446 857 661 934 praecellentis
678 857 834 918 doctrinae
847 855 1025 917 reuerentia
1038 859 1107 931 est;
1127 859 1249 918 tantam
1266 877 1388 935 quoque
1408 861 1439 918 et
1458 858 1572 918 eximia
1591 862 1647 919 tua

447 954 593 1017 facundia
605 956 795 1034 scientiaque
807 959 879 1016 tum
895 955 1004 1015 diuina
1017 955 1088 1014 tum
1103 954 1336 1016 absolutissima
1349 955 1439 1017 velut
1452 956 1644 1033 singularem

404 1072 435 1107 ro
447 1052 507 1113 tibi
519 1052 627 1113 attth
640 1053 843 1113 maiestatem.

488 1150 552 1211 Nec
566 1171 622 1229 ego
636 1152 670 1211 in
686 1150 933 1229 praesentiarum
953 1149 994 1209 ad
1008 1151 1040 1210 te
1058 1147 1170 1210 Latine
1183 1148 1384 1226 scripsissem,
1400 1150 1493 1228 plane
1508 1151 1597 1213 rudis
1613 1155 1646 1211 et

447 1250 533 1309 totus
549 1247 676 1326 quidem
694 1248 822 1322 aduena,
843 1250 997 1325 quantum
1015 1246 1055 1306 ad
1074 1246 1221 1307 cultiores
1239 1247 1348 1308 literas
1366 1248 1489 1323 attinet,
1511 1249 1575 1309 nisi
1594 1269 1645 1309 me

448 1346 577 1407 omnino
595 1349 632 1407 tu
649 1345 836 1424 impulisses.
878 1344 1006 1406 Etenim
1021 1343 1057 1405 in
1075 1344 1297 1423 posterioribus
1318 1345 1382 1405 illis
1402 1346 1504 1409 literis
1521 1348 1588 1409 tuis
1604 1349 1645 1409 ad

448 1444 600 1505 Ioannem
621 1442 840 1505 Molendinum
867 1446 1012 1504 nostrum
1032 1442 1122 1519 (quas
1145 1442 1227 1502 mihi
1248 1443 1379 1504 tradidit
1399 1445 1492 1506 modo
1514 1445 1645 1506 nudius-

404 1563 434 1614 ¹5
448 1546 578 1620 quartus
593 1541 796 1619 lectitandas),
812 1562 863 1602 me
883 1561 955 1602 cum
972 1542 1037 1602 tuis
1053 1539 1158 1602 verbis
1177 1541 1307 1602 salutari
1322 1542 1456 1617 iuberes,
1471 1563 1534 1603 non
1551 1544 1646 1605 modo

447 1643 616 1718 patronum
629 1640 683 1700 sed
696 1639 826 1700 vnicum
837 1658 958 1717 quoque
972 1642 1064 1699 tunm
1078 1640 1247 1716 patronum
1262 1660 1312 1700 me
1328 1640 1484 1718 appellare
1493 1640 1645 1701 voluisti:

447 1737 529 1799 vnde
542 1758 614 1799 sum
632 1738 763 1799 affectus
778 1756 843 1797 non
862 1736 1011 1797 mediocri
1024 1735 1149 1815 pudore,
1167 1756 1239 1797 cum
1256 1741 1363 1798 tamen
1377 1742 1495 1799 caetera
1507 1739 1646 1799 maxime

447 1835 638 1896 delectarent
665 1835 778 1895 omnia
831 1834 908 1909 Quis
934 1833 1021 1895 enim
1045 1836 1147 1895 nescit
1173 1838 1205 1893 te
1233 1835 1447 1911 gratissimum
1471 1837 1571 1911 (tanta
1596 1840 1646 1897 est

448 1933 632 1994 eruditionis
642 1937 714 1995 tuae
723 1931 925 2010 praestantia)
934 1935 966 1992 et
980 1932 1105 2010 regibus
1117 1934 1149 1991 et
1162 1932 1356 2010 principibus
1366 1934 1467 2012 ipsis?
1487 1934 1645 1995 ethorum

404 2033 484 2091 novt
503 2029 636 2109 quisque
658 2033 707 2091 est
734 2028 891 2091 maximus
918 2034 1013 2107 atque
1040 2031 1187 2107 optimus,
1211 2031 1255 2090 ita
1283 2031 1514 2109 impensissime
1541 2032 1647 2093 fauere

449 2128 605 2190 Erasmo‘?
654 2128 728 2189 Noli
753 2127 850 2206 igitur
871 2127 1010 2205 posthac,
1030 2147 1112 2205 rogo,
1136 2148 1187 2188 me
1215 2131 1335 2206 praeter
1355 2134 1492 2192 caeteros
1511 2131 1646 2192 homun-

447 2225 567 2287 tionem
587 2246 716 2288 onerare
735 2229 802 2286 tam
823 2226 957 2304 superbo
977 2225 1081 2287 titulo.
1123 2226 1231 2286 Habes
1254 2230 1291 2287 tu
1314 2227 1450 2305 quidem,
1477 2229 1505 2289 si
1527 2248 1577 2290 res
1602 2228 1647 2290 ita

448 2322 622 2402 postularit,
638 2324 690 2385 vel
705 2327 853 2403 patronos
865 2322 916 2385 vel
929 2323 1096 2385 aduocatos
1109 2323 1161 2385 vel
1176 2324 1409 2386 amantissimos
1422 2325 1470 2386 tui
1482 2326 1568 2387 viros
1581 2345 1647 2387 non

448 2424 551 2484 solum
564 2424 599 2483 in
618 2423 755 2485 maxima
772 2425 924 2500 potestate
941 2422 1136 2497 constitutos,
1151 2424 1360 2483 verumetiam
1376 2425 1490 2503 vbique
1502 2425 1647 2501 gentium

402 2544 435 2595 ²5
448 2523 480 2581 et
489 2520 716 2580 eruditissimos
726 2523 757 2579 et
767 2519 971 2581 doctissimos
1013 2518 1048 2579 si
1062 2539 1132 2580 mea
1141 2522 1249 2580 tamen
1260 2540 1358 2597 opera,
1372 2523 1648 2600 quantulacunque

448 2617 499 2694 sit,
523 2617 581 2677 tibi
602 2617 679 2677 olim
702 2615 816 2694 poterit
840 2616 913 2677 vsui
935 2635 1009 2690 esse,
1034 2616 1075 2691 (id
1097 2616 1157 2677 tibi
1178 2617 1275 2677 velim
1299 2621 1492 2696 persuasum)
1516 2619 1647 2682 benene

449 2716 616 2777 lentiorem
637 2714 803 2775 habiturus
827 2734 862 2775 es
883 2713 1042 2774 neminem
1067 2713 1118 2774 vel
1141 2715 1316 2775 amicorum
1339 2718 1466 2777 tuorum
1492 2719 1644 2779 omnium.

449 2814 501 2874 Me
520 2813 618 2891 igitur
636 2812 695 2872 tibi
715 2832 773 2890 pro
791 2812 911 2873 viribus
928 2813 1067 2872 amicum
1086 2812 1185 2872 velim
1204 2813 1371 2888 existimes,
1393 2814 1420 2874 si
1438 2818 1543 2877 tamen
1564 2817 1649 2878 inter

449 2918 520 2974 tuos
530 2911 615 2972 hunc
629 2910 801 2971 amiculum
811 2909 950 2989 digneris
960 2910 1135 2970 asscribere.
1173 2912 1358 2989 Quanquam
1368 2932 1425 2989 pro
1437 2916 1493 2973 tua
1506 2914 1649 2977 humani·

401 3034 437 3084 30
448 3014 521 3087 tate,
536 3012 620 3070 certo
633 3007 705 3082 scio,
722 3008 772 3069 vel
785 3008 876 3085 longe
895 3007 1076 3068 inferiorem
1092 3027 1157 3068 non
1177 3012 1368 3085 contemnes,
1383 3011 1507 3089 quando
1520 3016 1647 3075 tantum

448 3109 537 3170 abest
559 3110 596 3168 vt
616 3105 724 3166 eodem
745 3106 779 3166 in
799 3105 882 3181 ludo,
898 3104 979 3183 quod
1000 3105 1097 3180 aiunt,
1119 3105 1220 3166 simus
1240 3106 1331 3184 docti,
1352 3111 1388 3169 vt
1407 3129 1464 3187 ego
1485 3110 1647 3173 literarum

448 3207 512 3267 fere
532 3224 650 3282 expers,
673 3207 710 3264 tu
731 3203 859 3281 quidem
879 3204 930 3264 vol
949 3223 989 3263 ex
1008 3203 1147 3264 confesso
1168 3204 1312 3283 princeps
1333 3208 1477 3268 omnium
1498 3209 1542 3270 sia
1562 3211 1649 3272 solus

449 3304 504 3382 qui
517 3301 688 3364 nuncluce
708 3303 872 3363 fruunturr
894 3302 926 3361 id
941 3300 1023 3379 quod
1041 3320 1098 3379 ego
1116 3306 1272 3379 praestare
1291 3306 1420 3365 caeteris
1441 3306 1648 3383 dignitatibus

448 3402 561 3463 iudico.

402 3520 436 3571 35
489 3500 598 3578 Neque
611 3517 675 3558 non
689 3516 818 3575 possum
835 3515 902 3557 esse
919 3495 979 3556 tibi
992 3495 1211 3573 amicissimus,
1227 3518 1299 3559 cum
1315 3520 1367 3561 eos
1382 3521 1492 3562 omnes
1512 3503 1567 3580 qui
1585 3506 1648 3565 mei

449 3600 525 3659 sunt
551 3599 702 3670 amantes,
727 3615 791 3655 non
812 3594 953 3673 ignorem
981 3594 1029 3654 tui
1056 3595 1174 3672 pariter
1199 3597 1434 3658 amantissimos
1462 3619 1537 3661 esse.
1590 3600 1649 3662 Est

449 3696 535 3757 enim
551 3694 703 3773 singulari
718 3694 753 3753 in
773 3713 826 3753 me
843 3692 1060 3753 beneuolentia
1076 3693 1160 3754 Baro
1179 3694 1315 3756 illustris
1330 3696 1509 3773 Montioius‚
1527 3703 1559 3759 et
1577 3700 1646 3774 tibi,

449 3798 484 3853 rt
504 3792 574 3866 scis,
589 3795 655 3854 toto
673 3794 795 3869 pectore
816 3790 948 3851 deditus.
993 3790 1159 3851 Praetereo
1179 3790 1380 3853 Tunstallum
1399 3799 1431 3855 et
1450 3796 1532 3857 comi
1545 3798 1648 3874 graui·

449 3892 514 3952 tate
530 3893 563 3951 et
581 3909 650 3951 rara
666 3888 808 3962 doctrina
827 3889 942 3949 virum.
986 3888 1033 3949 De
1054 3889 1154 3950 Paceo
1172 3890 1255 3951 nihil
1275 3891 1404 3970 quidem
1425 3898 1472 3955 est
1492 3896 1573 3972 quod
1591 3917 1649 3974 ego

400 3988 588 4062 mistarum,
609 4007 682 4048 cum
702 3990 824 4064 praeter
844 3986 1050 4047 excellentem
1067 3986 1136 4046 eius
1155 3988 1364 4049 eruditionem
1383 3993 1473 4052 tanta
1490 3993 1532 4052 sit
1551 3994 1648 4056 etiam

448 4086 485 4148 in
508 4104 617 4145 omnes
641 4085 846 4159 humanitate,
868 4088 904 4146 vt
927 4084 1054 4145 homine
1080 4084 1163 4145 nihil
1188 4086 1286 4162 possit
1312 4088 1415 4166 optari
1438 4089 1566 4151 suauius
1593 4097 1650 4152 aut

448 4182 620 4245 mollitias:
641 4202 733 4259 quem
751 4202 809 4260 ego
822 4184 942 4260 praeter
953 4181 1032 4243 alios
1044 4182 1092 4258 (vt
1105 4200 1191 4242 nunc
1204 4186 1252 4242 est
1265 4183 1361 4243 etiam
1374 4187 1405 4244 et
1420 4186 1501 4263 apud
1516 4186 1648 4265 Regiam

448 4281 641 4344 maiestatem
651 4283 682 4340 et
690 4279 770 4355 apud
780 4278 1078 4341 reuerendissimum
1086 4278 1284 4341 cardinalem
1295 4281 1649 4363 autoritatismaximae)

448 4379 593 4453 amicum,
608 4380 777 4456 patronum
795 4380 827 4437 et
845 4377 1030 4437 aduocatum
1051 4375 1158 4436 habeo.
1203 4376 1275 4436 Non
1295 4396 1351 4454 par
1371 4383 1419 4438 est
1439 4382 1546 4441 autem
1565 4401 1649 4459 prae

402 4496 435 4545 45
448 4472 540 4533 terire
555 4473 681 4533 Morum
697 4473 849 4544 nostrum,
865 4470 917 4532 vel
933 4470 1038 4548 potius
1054 4470 1216 4543 omnium;
1238 4471 1292 4548 qui
1311 4476 1467 4549 quantum
1483 4474 1585 4535 valeat
1597 4477 1648 4537 vel

447 4569 622 4631 eruditione
649 4568 700 4629 vel
727 4567 844 4647 ingenii
868 4567 1049 4645 festiuitate,
1074 4568 1235 4628 neminem
1263 4570 1369 4646 fugere
1391 4573 1494 4647 potest
1516 4573 1571 4651 qui
1598 4574 1648 4635 vel

535 4748 575 4797 26.
591 4746 787 4810 poteritDLB:
804 4746 979 4808 potuitlmad.
1079 4760 1120 4807 3ο.
1140 4747 1211 4794 certe
1222 4750 1250 4795 F.
1352 4761 1392 4808 41.
1412 4749 1518 4798 homini
1529 4753 1562 4799 N.

484 4936 522 4983 13.
541 4918 640 4982 literis]
653 4919 700 4981 Ep.
716 4932 771 4979 755.
785 4932 825 4977 31.
1107 4933 1146 4980 45.
1167 4919 1418 5035 Morumklhomas
1437 4921 1537 4986 Morus,
1558 4926 1649 4989 regius

479 5002 520 5048 42.
539 4984 625 5049 nunc]
638 4984 678 5035 Ol.
691 4984 738 5046 Ep.
754 4986 809 5044 roc
823 4998 854 5044 27
868 4998 893 5033 n
1074 4986 1240 5035 secretarms.
1307 4990 1334 5034 in
1347 5002 1422 5048 mora.
