3867 6034
455 704 517 764 240
804 705 992 766 munnae
1023 705 1075 767 or
1102 705 1304 768 euasurus
1558 700 1654 785 [1518

455 859 602 935 dormire,
619 879 660 920 ne
680 859 715 920 in
734 860 885 921 infectam
906 860 1036 921 domum
1056 859 1192 934 incidet;
1212 864 1245 922 et
1263 860 1384 939 siquid
1404 861 1484 921 forte
1504 879 1582 936 opus
1602 859 1653 933 sit,

455 958 642 1035 commodes,
665 957 790 1019 etiamsi
811 957 880 1036 ipse
901 957 1051 1019 viaticum
1072 958 1275 1036 suppeditari.
1327 959 1409 1019 Oura
1428 958 1463 1018 in
1486 957 1598 1034 primis
1621 962 1657 1019 vt

456 1055 549 1116 venia
561 1056 603 1117 sit
616 1055 769 1117 educendi
781 1060 846 1117 tres
858 1076 961 1134 equos,
977 1076 1157 1135 quanquam
1173 1056 1303 1117 fortasse
1317 1076 1375 1117 nec
1388 1075 1472 1116 vnus
1485 1055 1653 1134 continget.

411 1170 444 1220 50
456 1153 538 1231 Lege
552 1152 724 1214 Budaicam
737 1156 769 1213 et
782 1155 821 1214 ad
834 1154 927 1214 illum
946 1172 1050 1215 meam
1063 1154 1238 1231 epistolam.
1279 1152 1353 1214 Vidi
1366 1154 1495 1214 tandem
1508 1152 1657 1230 Vtopiam

456 1250 585 1312 Parisiis
599 1270 755 1325 excusam,
766 1253 820 1312 sed
834 1252 992 1312 mendose.
1036 1252 1082 1312 Ea
1096 1251 1160 1312 iam
1169 1250 1310 1311 Basileae
1323 1251 1383 1312 sub
1397 1251 1481 1328 prelo
1495 1253 1558 1324 est;
1580 1271 1656 1311 nam

457 1347 679 1409 denunciaram
697 1348 887 1421 inimicicias,
902 1348 936 1408 ni
955 1348 1168 1426 diligentiores
1184 1348 1340 1409 essentia
1358 1368 1395 1408 eo
1415 1348 1543 1426 negocio
1560 1368 1658 1427 quam

457 1445 493 1507 in
505 1444 593 1506 meis
636 1446 723 1507 Bene
737 1446 816 1523 vale,
831 1446 1004 1507 amicorum
1020 1445 1245 1524 syncerieaime.
1282 1453 1290 1462 '

497 1542 637 1605 Louanii.
656 1564 683 1620 3.
701 1564 800 1606 nonas
813 1544 904 1605 Mart.
921 1546 984 1609 Ara
1002 1564 1165 1605 suumn.

844 1743 918 1807 786.
962 1742 1012 1806 To
1034 1741 1130 1806 Jonu
1152 1740 1276 1807 Consu.

493 1895 634 1952 Deventer
646 1894 705 1951 MS.
717 1911 761 1967 91,
775 1895 795 1953 f.
809 1910 852 1966 35.
1389 1894 1558 1967 (louvain.)

494 1981 549 2038 LB.
560 1982 635 2054 App.
649 1998 710 2054 305.
1327 1981 1367 2054 (c.
1383 1997 1396 2053 5
1410 1982 1509 2039 March
1526 1986 1619 2056 1518.)

937 2095 986 2143 ΔΙ)
1007 2094 1174 2146 comvu.

499 2221 530 2284 S.
543 2221 589 2297 P.,
610 2223 791 2299 praeceptor
810 2218 937 2296 optime.
981 2219 1023 2278 Et
1043 2217 1190 2279 minoret
1209 2217 1305 2279 doleo'
1325 2217 1474 2279 Coclitem
1503 2219 1566 2280 huc
1590 2219 1658 2280 sine

458 2320 523 2382 tuis
541 2319 665 2382 venisse
684 2317 806 2380 littoris.
848 2317 883 2378 Is
902 2321 957 2378 tuo
980 2315 1107 2377 nomine
1128 2335 1251 2378 mecum
1273 2316 1450 2394 expostulat
1470 2317 1553 2395 quod
1575 2317 1658 2379 nihil

457 2419 600 2481 scribam.
652 2419 723 2480 Imo
750 2416 821 2492 iam,
848 2415 965 2493 opinor,
995 2414 1141 2476 excusaui
1168 2435 1219 2475 me
1245 2414 1304 2474 tibi
1329 2415 1411 2492 quod
1438 2418 1470 2475 et
1496 2415 1599 2477 rarius
1626 2420 1658 2477 et

458 2517 586 2579 breuius
603 2515 746 2591 scribam,
765 2519 797 2576 et
817 2517 873 2575 tuo
893 2513 959 2575 ocio
981 2513 1155 2591 gratulatus
1174 2532 1254 2588 sum,
1270 2513 1325 2591 qui
1345 2512 1469 2574 crebras
1491 2533 1526 2574 ac
1548 2514 1660 2592 longas

432 2614 564 2684 sliteras
584 2617 708 2674 nostras
725 2612 855 2690 flagites.
900 2611 1000 2672 Orede
1020 2611 1107 2685 mihi,
1130 2611 1244 2686 Colete,
1266 2613 1315 2672 tot
1332 2611 1472 2689 epistolia
1491 2611 1543 2672 hic
1564 2611 1659 2674 inter-

458 2711 557 2791 pellor
582 2711 805 2788 episcoporum,
834 2712 1028 2785 magnatum,
1053 2708 1256 2781 eruditorum,
1283 2710 1464 2784 amicorum,
1488 2729 1527 2769 ex
1554 2709 1657 2783 Italia,

459 2810 623 2887 Hispania,
640 2807 816 2882 Germania,
832 2806 940 2881 Galus,
957 2809 1000 2879 vt,
1015 2806 1044 2866 ai
1060 2806 1140 2866 nihil
1155 2806 1272 2885 alioqui
1292 2808 1372 2868 mihi
1389 2808 1432 2868 sit
1448 2807 1577 2885 negocii,
1594 2828 1659 2870 non

460 2907 520 2968 sim
533 2911 641 2968 tamen
655 2906 728 2966 huic
741 2905 797 2966 vni
809 2904 938 2983 negocio
951 2904 1146 2965 suffectume.
1190 2904 1360 2967 Redamare
1379 2925 1507 2982 possum
1527 2906 1657 2974 omneis,

460 3005 647 3084 respondere
660 3003 793 3081 singulis
806 3022 871 3062 non
885 3020 1021 3077 possum.

419 3123 448 3158 ιο
502 3102 549 3163 De
560 3100 688 3164 Grocini
703 3100 812 3161 morbo
826 3118 864 3160 ex
878 3098 984 3159 animo
998 3098 1096 3171 doleo,
1108 3097 1320 3176 qualisqualis
1333 3098 1368 3159 in
1381 3119 1432 3158 me
1445 3098 1514 3159 fuit
1553 3098 1659 3161 Orsm

460 3199 641 3278 indignam!
672 3194 840 3279 (optarim)
852 3195 1007 3257 eiusmodi
1019 3195 1144 3273 ingenia
1157 3216 1257 3274 neque
1271 3196 1395 3256 scnium
1409 3216 1510 3274 neque
1524 3201 1659 3259 mortem

460 3298 595 3373 sentire;
622 3297 678 3358 sed
697 3297 774 3358 haec
793 3294 992 3356 incommoda
1011 3294 1113 3372 magis
1137 3294 1278 3356 sentiunt
1300 3294 1535 3355 immortalitate
1561 3295 1656 3373 digni.

460 3397 562 3475 Cogor
585 3396 625 3457 ob
647 3396 774 3456 Nouum
792 3394 1029 3454 Testamentum
1049 3393 1268 3453 excudendum
1289 3392 1411 3470 aliaque
1431 3391 1587 3454 nonnulla
1605 3397 1660 3454 aut

461 3494 618 3556 Basileam
634 3494 719 3555 adire
739 3494 805 3568 aut,
819 3493 903 3571 quod
922 3491 1023 3569 magis
1041 3491 1154 3569 opinor
1174 3491 1327 3565 futurum,
1341 3489 1496 3551 Venetiae.
1540 3490 1660 3551 Nama

418 3616 448 3668 15
460 3593 586 3654 Basilea
593 3592 709 3671 partim
721 3591 855 3652 deterret
864 3590 969 3669 pestis,
982 3589 1098 3667 partim
1113 3589 1277 3651 Lachnerii
1290 3608 1384 3663 mors,
1394 3589 1484 3650 cuius
1492 3589 1662 3667 impendiis

461 3712 512 3752 rea
539 3690 738 3768 potissimum
765 3689 920 3767 agebatur.
971 3688 1109 3748 Tantum
1136 3688 1208 3761 iter,
1235 3687 1367 3764 inquies,
1397 3687 1537 3765 suscipis,
1566 3707 1661 3749 senex

460 3788 730 3851 valetudinarius?
750 3790 821 3847 tum
833 3787 892 3848 hoc
906 3786 1028 3847 saeculo
1048 3806 1109 3863 quo
1128 3804 1192 3846 non
1208 3784 1293 3847 aliud
1312 3785 1372 3846 fuit
1385 3785 1564 3846 sceleratius
1577 3786 1661 3847 intra

462 3889 625 3949 sexcentos
637 3905 744 3959 annos,
756 3888 843 3946 tanta
855 3883 1048 3962 praedonum
1058 3882 1172 3962 vbique
1185 3883 1336 3944 licentia?
1378 3882 1439 3943 Sed
1454 3883 1528 3962 quid
1542 3884 1663 3946 iacias?

463 3983 525 4046 His
538 3983 610 4044 fatis
625 4004 696 4044 sum
707 3986 810 4045 natus.
848 3982 880 4044 si
893 3981 1064 4058 immoriar,
1075 3981 1237 4043 immoriar
1250 3980 1335 4060 operi
1346 4000 1409 4042 non
1424 3981 1553 4042 omnino
1565 3982 1659 4055 malo,

418 4107 450 4143 ro
462 4081 498 4143 ni
511 4081 612 4143 fallor.
657 4080 714 4140 Sin
728 4081 786 4141 hoc
800 4083 938 4142 extremo
957 4080 1081 4141 fabulae
1094 4082 1165 4141 actu
1179 4099 1216 4140 ex
1229 4080 1384 4141 sententia
1401 4079 1542 4140 confecto
1561 4080 1663 4141 redire

463 4179 636 4258 contigerit,
653 4178 735 4257 quod
757 4178 911 4255 reliquum
930 4178 991 4238 erit
1012 4178 1093 4239 vitae
1112 4179 1195 4255 apud
1215 4198 1272 4239 vos
1292 4196 1382 4255 agere
1403 4177 1506 4238 statui
1550 4177 1585 4238 Is
1602 4179 1661 4239 erit

462 4298 554 4340 meus
577 4277 617 4338 ab
637 4276 711 4338 orbe
732 4276 870 4355 vndique
893 4275 1058 4355 inquinato
1078 4295 1225 4336 secessus.
1282 4274 1428 4353 Regnent
1453 4275 1487 4334 in
1514 4275 1662 4337 omnibus

462 4377 639 4456 principum
655 4373 737 4436 aulis
754 4373 910 4453 personati
931 4373 1075 4451 theologi
1121 4373 1214 4435 Curia
1234 4373 1375 4434 Romana
1391 4373 1485 4451 plane
1501 4374 1662 4451 perfricuit

495 4567 553 4618 788.
573 4581 611 4616 11.
629 4567 752 4630 Optarim
764 4570 821 4615 cdd.
834 4568 883 4627 LB,
896 4580 923 4614 cc
934 4568 997 4624 Epp.
1010 4564 1066 4625 781.
1078 4577 1116 4626 19,
1131 4563 1188 4625 784.
1201 4579 1240 4623 44.
1342 4576 1379 4623 14.
1397 4565 1455 4611 LB:
1472 4562 1597 4611 venetiis
1607 4567 1660 4612 MS.

462 4646 504 4693 η.
520 4636 581 4682 LB:
597 4632 755 4682 Romalis.

497 4797 553 4845 785.
565 4813 606 4859 49.
623 4796 720 4860 equos]
739 4797 781 4859 By
798 4811 834 4845 an
850 4795 903 4845 Act
919 4795 949 4843 oi
965 4808 1036 4856 1495,
1120 4807 1160 4855 50.
1179 4790 1339 4856 Budaicam]
1367 4792 1414 4854 Ep.
1442 4806 1497 4853 744,
1522 4792 1662 4842 answared

467 4876 495 4910 11
513 4863 612 4924 chry
632 4877 680 4925 vn,
705 4863 875 4911 restrictione
894 4860 948 4910 had
970 4861 1037 4910 been
1087 4859 1124 4921 by
1136 4859 1184 4920 Ep.
1197 4858 1253 4920 77⁸·

463 4928 558 4993 placed
578 4942 612 4976 on
633 4929 682 4978 tha
703 4930 799 4990 export
817 4927 848 4976 oi
866 4926 976 4986 hornen
994 4940 1038 4975 sec
1120 4938 1161 4986 51.
1179 4922 1303 4987 Parisiis]
1314 4922 1363 4971 Sea
1375 4923 1487 4983 upote.
1501 4936 1533 4983 27
1545 4938 1572 4971 n.

464 4999 569 5044 secutos
577 4996 646 5052 astte
657 4997 747 5056 Recta,
759 4994 780 5043 ii
792 4991 890 5057 (181⁶),
900 5005 945 5055 pp.
954 4992 1037 5054 57³,ss
1121 4989 1178 5039 788.
1194 5005 1215 5038 1.
1235 4987 1377 5051 Coclitem]
1390 4986 1514 5050 Meghen
