3867 6034
466 695 527 756 248
812 693 1002 755 Larinas
1030 692 1082 753 OF
1109 693 1310 755 ERASMUS
1565 688 1664 773 [1518

466 854 497 911 et
510 850 653 911 animum
667 849 837 910 reddidisti.
880 850 940 910 Sed
955 850 1163 922 oriniacum,
1176 868 1318 909 summae
1331 848 1487 926 voluptati
1500 848 1583 908 mihi
1598 848 1663 909 fuit

421 967 453 1015 30
464 967 626 1009 summum
639 947 731 1008 illum
752 967 859 1008 meum
879 947 1091 1009 Moecenatem
1103 947 1141 1008 D.
1159 945 1311 1007 Ioannem
1330 946 1477 1024 Syluium
1496 951 1562 1007 tam
1577 944 1660 1007 belle

465 1046 575 1119 valere,
591 1045 706 1119 virum,
719 1046 764 1105 ita
777 1065 829 1105 me
843 1045 929 1106 Deus
943 1047 1036 1120 amet,
1050 1044 1289 1105 immortalitate
1303 1043 1442 1122 dignum.

506 1142 587 1203 Cum
600 1142 754 1219 theologie
771 1142 929 1203 alcedonia
946 1144 1030 1217 sunt,
1046 1142 1110 1202 imo
1128 1142 1208 1201 mira
1224 1140 1426 1202 familiaritas.
1472 1140 1535 1202 Pro
1550 1140 1660 1202 Hiero·

466 1259 563 1317 nymo
583 1239 686 1317 palam
706 1243 804 1316 agunt
821 1239 955 1317 gratias3
980 1239 1019 1299 de
1039 1237 1130 1300 Nouo
1151 1239 1352 1299 Testamenta
1374 1239 1454 1299 nihil
1474 1242 1659 1317 queruntur,

465 1337 529 1398 imo
542 1336 693 1414 primores
705 1337 800 1397 huius
814 1335 932 1397 ordinis
945 1336 1080 1415 ingenue
1094 1337 1306 1414 comprobant.
1350 1338 1487 1398 Tantum
1501 1336 1662 1398 oblatrant

421 1457 452 1507 35
465 1434 625 1497 fraterculi
648 1435 751 1495 nescio
775 1434 829 1513 qui
849 1434 1003 1508 Coloniae,
1026 1437 1061 1495 vt
1082 1434 1183 1509 audio,
1211 1454 1245 1494 ac
1268 1436 1394 1512 Brugis,
1417 1435 1471 1495 sed
1494 1434 1604 1511 procul
1627 1436 1660 1493 et

464 1552 484 1594 a
507 1536 602 1611 tergo.
653 1532 778 1608 Multos,
801 1536 837 1593 vt
856 1533 951 1605 aiunt
974 1536 1072 1593 terret
1092 1532 1186 1593 Fabri
1206 1531 1288 1593 male
1315 1533 1432 1610 accepti
1457 1532 1661 1610 exemplum3

464 1650 539 1692 nam
561 1632 751 1707 prostratum
779 1650 846 1691 esse
867 1630 1006 1690 fatentur
1025 1634 1057 1690 et
1078 1630 1139 1706 ipsi
1167 1630 1344 1691 Fabristae:
1374 1630 1409 1689 in
1433 1649 1527 1708 quem
1551 1634 1660 1690 tamen

463 1727 583 1789 viribus
602 1728 682 1789 meis
701 1748 765 1788 non
781 1747 852 1789 eum
871 1748 954 1802 rsus,
973 1729 1082 1789 fauens
1102 1728 1207 1804 stiam,
1228 1727 1330 1805 quoad
1351 1727 1448 1802 licuit,
1468 1728 1657 1788 aduersario.

464 1824 580 1885 Mirum
594 1826 669 1902 quid
687 1827 731 1886 eit
745 1826 791 1886 rei
803 1829 839 1886 vt
851 1826 905 1886 ille
917 1846 981 1887 non
991 1826 1103 1887 saltem
1116 1826 1264 1902 priuatim
1275 1827 1374 1886 literis
1385 1845 1451 1886 sese
1465 1826 1516 1886 vel
1530 1828 1661 1887 excuset

419 1949 452 1999 40
462 1924 514 1984 vel
528 1923 681 1985 defendat.
725 1923 848 1984 Passim
867 1924 947 1985 mihi
963 1924 1161 2002 gratulantur
1180 1924 1310 1985 Gallum
1323 1923 1483 1985 demotum
1498 1924 1659 1996 Germani,

463 2020 540 2083 Itali
557 2024 590 2081 et
609 2020 728 2098 Angli3
749 2042 807 2082 nee
827 2024 934 2082 tamen
953 2021 1092 2082 efficiunt
1112 2040 1174 2098 quo
1194 2021 1301 2082 minus
1321 2021 1439 2081 oderim
1463 2021 1530 2099 ipse
1553 2040 1658 2082 meam

462 2118 635 2194 victoriam,
646 2138 703 2179 nec
718 2118 886 2179 admodum
900 2119 1068 2197 gloriosam
1083 2120 1117 2178 in
1128 2138 1219 2180 causa
1229 2123 1295 2179 tam
1307 2118 1457 2194 vincibili,
1474 2123 1506 2179 et
1519 2118 1659 2178 inuidiae

462 2216 630 2278 obnoxiam
654 2216 737 2294 quod
764 2217 864 2277 amico
888 2218 1077 2278 detraxerim
1105 2218 1209 2295 opima
1230 2218 1346 2295 spolia:
1370 2219 1421 2277 cui
1448 2236 1534 2277 nunc
1560 2216 1658 2277 etiam

462 2313 560 2388 iaueo,
586 2314 658 2374 licet
686 2334 749 2374 non
773 2334 868 2392 vsque
895 2315 971 2375 adeo
996 2320 1030 2376 vt
1053 2315 1087 2375 in
1116 2315 1203 2375 illius
1232 2316 1366 2391 gratiam
1394 2315 1596 2393 blasphemus
1623 2315 1657 2375 in

418 2441 449 2491 45
462 2411 623 2472 Christum
642 2412 750 2472 haberi
765 2412 870 2473 velim.
911 2413 1047 2474 Proinde
1066 2433 1173 2490 precor
1191 2416 1227 2474 vt
1246 2414 1332 2474 Deus
1351 2414 1422 2490 Opt.
1443 2413 1522 2473 Max.
1542 2412 1584 2473 iis
1602 2415 1658 2490 qui

463 2507 542 2568 mihi
555 2507 634 2568 bene
647 2509 759 2569 volunt
770 2510 938 2571 feliciorem
953 2512 1033 2571 mihi
1046 2511 1226 2589 gratulandi
1239 2511 1403 2572 materiem
1417 2511 1604 2588 suppeditet

504 2606 658 2683 Apologia
666 2607 730 2667 iam
740 2611 850 2684 quater
860 2612 909 2669 est
918 2609 1078 2685 impressa.
1123 2609 1231 2669 Deleat
1242 2609 1295 2669 ille
1306 2629 1396 2669 suam
1404 2609 1656 2682 insectationem,

463 2722 519 2781 ego
533 2704 632 2780 quoad
646 2723 773 2780 possum
787 2725 927 2781 premam
938 2707 1135 2783 apologiam.
1172 2707 1303 2766 Auferat
1314 2707 1368 2765 ille
1381 2706 1451 2781 tela,
1464 2726 1521 2783 ego
1535 2706 1657 2783 depono

463 2800 616 2879 clypeum.
659 2801 762 2863 Tollat
782 2802 835 2863 ille
858 2823 985 2877 venena,
1010 2824 1067 2881 ego
1089 2803 1229 2864 desinam
1250 2805 1298 2864 vti
1320 2804 1469 2864 antidoto.
1511 2804 1601 2879 Quod
1630 2805 1658 2864 si

418 2931 448 2981 50
462 2899 534 2975 quis
562 2898 693 2959 aliorum
720 2918 772 2959 me
799 2900 955 2962 similibus
982 2901 1074 2962 dictis
1100 2901 1281 2977 lacessisset,
1309 2901 1402 2979 longe
1428 2902 1519 2962 aliter
1546 2902 1656 2963 fuisset

461 2998 612 3073 acceptus.
656 2996 762 3056 Homo
784 3016 878 3072 sum;
906 2998 960 3060 vbi
980 3017 1052 3060 vere
1072 3000 1177 3076 lapsus
1196 3019 1257 3075 ero,
1281 3019 1345 3060 non
1365 3000 1469 3061 solum
1488 3019 1656 3079 agnoscam

460 3097 597 3154 erratum
624 3114 741 3169 meum,
764 3096 970 3157 verumetiam
994 3095 1184 3158 admonituri
1211 3099 1327 3174 gratim
1350 3117 1452 3175 agam,
1476 3098 1657 3159 insectatori

461 3191 577 3251 cedam.
626 3191 790 3252 Caeterum
824 3192 876 3252 vbi
910 3193 1008 3254 simili
1041 3193 1238 3271 impudentia
1271 3195 1420 3255 conuiciis
1454 3195 1657 3257 atrocissimis

461 3288 603 3367 impetor,
623 3309 688 3350 non
712 3290 907 3351 committam
928 3296 965 3352 vt
988 3294 1118 3369 posthac
1140 3293 1174 3353 in
1199 3313 1250 3353 me
1273 3292 1361 3353 velut
1382 3292 1537 3353 inermem
1561 3296 1656 3371 atque

415 3406 446 3458 ⁵5
460 3385 643 3448 edentulum
669 3387 774 3464 quiuis
800 3389 916 3449 asellus
943 3390 1081 3465 obtudat,
1111 3391 1215 3468 quiuis
1241 3410 1295 3451 sus
1315 3390 1515 3467 obgrunniat.
1558 3391 1657 3452 Faber

460 3504 559 3545 vnum
572 3505 623 3545 me
637 3484 792 3547 laceaiuit
810 3486 1006 3548 nominatim.
1050 3487 1118 3566 Ego
1136 3489 1296 3549 neminem
1313 3489 1414 3548 adhuc
1432 3488 1586 3562 lacessiui,
1600 3491 1655 3551 sed

459 3582 517 3643 vni
544 3582 709 3643 lacessenti
734 3583 887 3660 respondi.
941 3584 1076 3659 Quidam
1097 3585 1186 3646 aiunt
1207 3606 1354 3664 apparare
1379 3586 1654 3666 redintegrandum

460 3679 587 3754 bellurn,
604 3680 659 3741 alii
676 3684 800 3759 negant
844 3680 911 3758 Ego
929 3682 1011 3742 nihil
1028 3683 1112 3743 malo
1128 3704 1228 3761 quam·
1243 3704 1361 3761 pacem,
1379 3684 1561 3762 praesertim
1580 3706 1653 3748 cum

460 3776 536 3850 illo;
558 3797 622 3837 non
642 3778 723 3856 quod
744 3778 836 3839 illum
856 3782 1007 3853 metuam,
1024 3780 1077 3840 sed
1099 3782 1182 3858 quod
1202 3783 1361 3841 exanimo
1382 3782 1519 3860 diligam.
1563 3784 1653 3859 Quod

414 3883 447 3934 60
459 3874 488 3934 si
502 3878 629 3951 repetat,
645 3875 712 3952 ipse
725 3876 840 3937 viderit
852 3899 860 3949 ;
882 3877 942 3937 sibi
956 3878 1091 3954 imputet
1105 3879 1132 3939 si
1145 3898 1256 3956 parum
1270 3880 1407 3940 ciuiliter
1419 3881 1595 3959 accipietur.

499 3970 610 4049 Adigit
636 3993 687 4033 me
715 3974 840 4034 Nouum
871 3975 1107 4036 Testamentum
1136 3980 1172 4037 vt
1201 3981 1256 4037 aut
1283 3978 1430 4038 Venetias
1459 3979 1568 4039 adeam
1599 3987 1654 4041 aut

460 4068 639 4131 Basileam:
671 4071 812 4132 nondum
836 4072 919 4133 enim
943 4073 1041 4133 statui
1065 4078 1136 4134 vtro
1161 4075 1203 4135 sit
1227 4076 1375 4135 eundum.
1428 4078 1459 4136 Α
1484 4078 1653 4138 Germania

492 4239 532 4286 29.
555 4230 584 4275 et
600 4225 724 4274 animum
741 4230 809 4276 Ma:
833 4228 1010 4290 animumque
1026 4232 1054 4277 D.
1138 4227 1190 4277 Sed
1208 4232 1278 4277 iffi:
1299 4230 1399 4279 Verum
1416 4235 1444 4281 P.
1554 4249 1595 4294 30.
1621 4237 1653 4285 D.

460 4291 591 4340 Ioannem
602 4290 728 4352 Sylnium
740 4296 796 4341 add
808 4297 837 4340 D.
935 4308 976 4354 34.
993 4293 1066 4343 imo.
1080 4329 1087 4342 .
1102 4329 1109 4342 .
1122 4296 1296 4356 comprobant
1307 4301 1362 4345 add.
1372 4300 1401 4345 D.
1501 4313 1541 4361 35.
1557 4304 1653 4351 frater·

458 4355 515 4406 culi
526 4361 593 4407 usa
611 4356 793 4418 sycophantae
804 4361 833 4408 D.
901 4358 1047 4408 Coloniae.
1062 4395 1068 4408 .
1081 4395 1088 4408 .
1100 4358 1199 4422 Brugis
1210 4375 1254 4409 om.
1267 4364 1297 4409 D.
1406 4365 1445 4423 36.
1463 4366 1493 4412 vt
1505 4366 1583 4414 aiunt
1594 4372 1653 4416 add.

459 4426 486 4471 D.
618 4436 659 4483 37.
681 4436 745 4470 nam
763 4457 769 4470 .
788 4458 794 4470 .
813 4458 821 4470 .
839 4422 976 4473 Fabrietac
992 4440 1037 4473 om.
1054 4428 1084 4475 D.
1194 4426 1224 4473 in
1242 4460 1248 4473 .
1268 4461 1275 4474 .
1296 4464 1301 4475 .
1319 4427 1358 4486 38.
1376 4428 1529 4478 aduersario
1545 4435 1602 4480 cdd.
1620 4438 1649 4482 D.

458 4502 498 4549 39.
517 4488 633 4549 priuatis
643 4492 673 4535 D.
747 4502 786 4546 41.
805 4488 909 4538 oderim
920 4494 953 4538 D:
972 4489 1075 4539 ederim
1086 4494 1139 4539 MS.
1189 4491 1246 4553 ipse
1258 4507 1302 4541 cm.
1316 4496 1346 4540 D.
1413 4507 1454 4553 45.
1473 4494 1648 4549 Proinde...

459 4555 498 4611 ⁴⁶·
515 4553 671 4615 suppeditet
679 4556 734 4601 add.
746 4557 776 4603 D.
885 4569 926 4615 47.
946 4556 1077 4618 impressa
1087 4559 1155 4606 usa
1173 4570 1271 4604 excusa
1282 4561 1311 4606 D.
1422 4559 1462 4620 48.
1480 4561 1569 4622 quoad
1580 4567 1633 4613 lis.
1644 4584 1649 4613 2

457 4620 591 4678 quatenus
602 4622 634 4666 H.
708 4633 748 4679 54.
765 4620 877 4681 posthac
887 4624 925 4669 D:
942 4624 1002 4683 post
1012 4625 1064 4670 MS.
1147 4636 1187 4684 55.
1204 4623 1369 4683 obgrunniat
1379 4627 1446 4674 lisa
1461 4627 1609 4688 obganniat
1620 4634 1648 4679 D.

459 4686 505 4731 Sca
520 4686 549 4741 es.
562 4687 606 4743 Ep.
620 4685 675 4745 778·
688 4698 746 4745 235.
845 4701 884 4747 57.
902 4701 1048 4749 apparare.
1065 4722 1071 4734 .
1085 4724 1091 4736 .
1103 4687 1144 4748 58.
1163 4687 1264 4736 bellum
1275 4692 1342 4737 iffi:
1360 4688 1440 4739 illum
1453 4706 1514 4740 suae
1524 4692 1649 4755 colligere

458 4749 555 4809 copias.
568 4754 598 4797 vt
609 4750 712 4798 bellum
722 4751 857 4800 instauret
869 4755 899 4799 D.
998 4755 1039 4801 61.
1057 4753 1198 4802 Venetiam
1210 4756 1242 4801 H.

489 4910 529 4957 ³&
548 4896 689 4961 Coloniae]
703 4897 742 4947 cf.
756 4898 962 4960 ltpp.bar,852.
1112 4915 1152 4960 47.
1172 4903 1280 4966 quater]
1305 4903 1425 4966 Perhaps
1443 4921 1480 4956 an
1496 4923 1585 4958 error:
1610 4925 1654 4959 seo

522 4962 631 5026 Brugis]
644 4962 684 5011 Cf.
700 4963 747 5026 Ep.
764 4965 821 5024 885.
835 4977 872 5024 19.
1081 4980 1124 5028 pp.
1137 4980 1219 5025 cnop.
