3867 6034
468 707 528 770 182
818 707 1007 769 LETTERS
1034 706 1089 768 OF
1115 706 1315 769 ERASMUS
1571 705 1666 791 [1517

467 863 654 940 Quanquam
672 863 775 941 siper
793 884 845 924 me
864 863 964 939 malis,
982 865 1015 923 et
1033 863 1186 924 efficacius
1203 867 1296 940 putas
1313 883 1332 924 a
1351 866 1513 942 praesente
1532 883 1600 924 rem
1619 865 1669 940 agi

465 980 557 1039 posse
577 982 672 1039 quam
693 982 750 1039 per
768 961 940 1039 epistolam,
964 960 1116 1022 libentius
1136 960 1169 1021 id
1189 960 1302 1021 faciam
1323 980 1419 1039 quam
1438 961 1583 1022 iusseris:
1614 962 1668 1022 sed

466 1079 531 1119 999
552 1060 612 1120 erit
633 1060 815 1137 perficiendi
835 1059 967 1120 facultas
988 1061 1055 1120 tam
1075 1059 1138 1119 cito
1159 1077 1254 1136 quam
1275 1078 1333 1135 ego
1352 1062 1442 1120 tuam
1462 1078 1531 1119 rem
1551 1059 1668 1120 vellem

465 1157 541 1217 fieri.
587 1157 669 1218 Nam
686 1158 745 1218 hoc
764 1156 894 1218 solenne
913 1159 962 1218 est
983 1157 1066 1234 apud
1086 1175 1153 1230 nos,
1171 1175 1190 1216 a
1208 1156 1364 1233 legatione
1383 1157 1568 1216 redeuntem
1584 1160 1669 1217 recta

422 1275 452 1312 10
465 1255 582 1332 Regem
596 1258 707 1331 petere,
724 1275 781 1315 nec
799 1255 900 1316 obitet
918 1255 957 1316 ad
977 1274 1156 1332 quenquam
1176 1253 1339 1314 diuertcue.
1383 1253 1437 1314 Ad
1456 1254 1523 1328 hoc,
1541 1255 1669 1331 negocia

464 1356 573 1413 nostra
591 1355 658 1414 tam
675 1351 760 1417 lente
780 1354 953 1430 procedunt
970 1355 1005 1412 vt
1024 1371 1132 1412 verear
1150 1371 1190 1411 ne
1209 1351 1252 1412 sit
1270 1352 1389 1412 diutius
1408 1351 1461 1412 hic
1479 1353 1667 1414 morandum

463 1469 559 1527 quam
572 1453 628 1510 aut
641 1451 763 1528 speraui
777 1452 864 1511 aute
877 1470 910 1510 re
924 1452 967 1510 sit
980 1469 1067 1511 mea:
1090 1449 1152 1510 nisi
1166 1449 1247 1509 forte
1265 1449 1347 1509 nihil
1360 1449 1521 1510 videbitur
1534 1450 1586 1510 hic
1600 1452 1667 1528 spei

463 1567 559 1625 quare
571 1548 615 1608 sit
627 1549 829 1610 menendum.
872 1548 1009 1608 Interim
1022 1551 1129 1608 tamen
1147 1547 1228 1607 situ
1247 1547 1342 1622 voles
1358 1567 1409 1608 res
1427 1548 1478 1625 agi
1495 1551 1599 1625 potest
1612 1569 1668 1625 per

461 1644 584 1707 literas:
609 1665 666 1706 nec
687 1646 798 1707 dubito
816 1647 893 1724 quin
909 1645 1004 1706 voles
1049 1644 1100 1706 Sic
1121 1664 1211 1722 agam
1230 1664 1303 1720 ergo
1321 1648 1358 1705 vt
1378 1646 1552 1722 deponatur
1571 1647 1668 1707 huius

421 1764 449 1815 15
462 1743 539 1804 anni
559 1743 668 1820 pensio
689 1745 771 1822 apud
792 1744 962 1823 Maruffum
983 1744 1016 1802 et
1035 1742 1212 1819 syngrapha
1232 1742 1379 1802 mittetur
1399 1742 1439 1803 96
1460 1747 1503 1805 te.
1546 1743 1606 1804 Sed
1628 1745 1667 1804 de

462 1842 644 1902 redimenda
665 1841 815 1920 pensione
837 1842 917 1902 mihi
938 1843 1022 1901 certe
1043 1860 1109 1901 non
1129 1840 1254 1900 videtur
1273 1841 1452 1918 agendum:
1484 1861 1557 1901 cum
1582 1842 1665 1919 quod

463 1958 555 2000 nemo
572 1942 623 2000 est
640 1940 694 2018 qui
713 1939 823 2001 debeat
840 1940 1000 2013 redimere,
1017 1938 1078 1998 nisi
1097 1937 1125 1997 is
1144 1937 1207 2016 qui,
1223 1940 1260 1998 vt
1278 1958 1336 2016 ego
1356 1937 1457 2011 audio,
1472 1939 1554 1999 nihil
1571 1939 1665 1999 habet

461 2035 545 2097 vnde
564 2039 683 2114 possit;
710 2041 781 2098 tum
802 2038 885 2116 quod
906 2056 1016 2097 vereor
1035 2055 1076 2096 ne
1096 2035 1358 2113 Archiepiscopus
1377 2036 1423 2096 sic
1443 2036 1666 2114 interpretetur

462 2137 614 2213 tauquam
638 2155 658 2195 a
684 2135 775 2196 uobis
801 2136 945 2196 animum
974 2153 1102 2211 prorsus
1129 2132 1288 2193 obieceris.
1339 2135 1440 2209 Quam
1464 2134 1504 2194 ob
1531 2154 1598 2194 rem
1626 2135 1665 2194 de

419 2256 449 2292 ao
461 2232 675 2310 redemptione
696 2253 805 2294 rursus
824 2233 942 2310 cogita:
966 2231 995 2291 si
1013 2231 1197 2304 decreueris
1218 2250 1276 2307 ego
1298 2251 1363 2292 999
1384 2232 1484 2292 deero.
1528 2232 1662 2293 Interim

461 2330 529 2406 ipse
551 2331 590 2390 de
610 2330 765 2391 solutione
786 2330 934 2405 tractabo,
957 2348 1015 2389 nec
1038 2328 1120 2387 mihi
1142 2328 1257 2389 videris
1281 2329 1422 2390 factunm
1443 2329 1525 2391 male
1546 2333 1574 2390 si
1595 2332 1665 2390 tuas

460 2427 557 2488 etiam
571 2428 677 2489 1189999
690 2428 864 2503 966169919;
886 2428 918 2489 16
934 2427 1017 2507 quod
1031 2427 1175 2488 fortassis
1188 2430 1341 2503 expectat.

502 2527 630 2586 Gaudeo
661 2527 885 2604 Paraphrasim
916 2525 976 2586 sub
1007 2524 1113 2602 preslo
1148 2544 1224 2585 esse.
1282 2524 1416 2586 Inuideo
1447 2526 1664 2586 mediusfidius

460 2623 608 2700 Louanio,
635 2625 685 2685 cui
709 2627 835 2686 tautum
859 2624 994 2702 contigit
1017 2622 1206 2683 beneficium
1231 2627 1397 2700 quantum,
1424 2626 1460 2683 vt
1484 2623 1584 2698 video,
1609 2625 1663 2684 vix

417 2741 447 2791 ²⁵
459 2721 605 2799 agnoscit.
649 2723 710 2783 Sed
729 2724 758 2783 is
777 2724 815 2783 de
836 2744 898 2801 quo
914 2721 1033 2795 scribis,
1048 2723 1104 2780 aut
1121 2739 1178 2798 ego
1196 2719 1290 2780 fallor
1308 2724 1364 2780 aut
1380 2740 1544 2800 nunquam
1565 2724 1663 2782 muta·

460 2818 553 2879 bitur.
597 2820 782 2881 Tunstallus
795 2822 887 2899 plane
907 2821 1006 2880 sentit
1024 2823 1055 2879 te
1075 2819 1210 2879 nimium
1228 2818 1349 2879 bonum
1361 2840 1438 2895 esse,
1454 2822 1509 2899 qui
1527 2822 1556 2881 ei
1569 2823 1664 2882 toties

459 2916 606 2993 deceptus
616 2938 726 2996 pergas
740 2920 869 2979 credere.
905 2918 1023 2979 Paceus
1037 2917 1138 2976 adhuc
1149 2936 1214 2977 non
1228 2917 1431 2996 reditusque
1444 2919 1524 2980 scire
1533 2940 1662 2996 possum

458 3016 582 3092 quando
596 3015 639 3075 sit
649 3016 825 3078 rediturus:
846 3017 901 3078 sed
912 3035 1014 3102 neque¹
1025 3014 1222 3075 comminisci
1233 3036 1312 3093 queo
1323 3015 1398 3093 quid
1408 3016 1521 3076 habeat
1532 3018 1662 3094 negocii.

459 3113 550 3175 corto
561 3116 716 3191 quantum
727 3115 915 3192 inquirendo
928 3113 1100 3191 comperire
1108 3131 1246 3190 possum,
1259 3114 1323 3174 iam
1333 3114 1389 3175 diu
1403 3115 1485 3174 nihil
1499 3118 1548 3174 est
1561 3134 1662 3191 neque

414 3229 531 3278 secum
555 3210 747 3288 Imperatore
770 3233 871 3291 neque
896 3232 969 3273 cum
994 3210 1147 3270 Eluetiis:
1178 3230 1235 3270 nec
1259 3214 1367 3271 tamen
1394 3210 1469 3271 licet
1495 3213 1662 3289 remigrare

459 3308 597 3384 domum,
614 3330 713 3388 quum
728 3310 809 3388 plus,
826 3310 944 3387 opinor,
960 3327 1056 3386 quam
1069 3326 1190 3367 aunum
1203 3306 1268 3367 iam
1282 3308 1483 3370 constantiae
1497 3309 1659 3370 desederit.

458 3405 557 3466 Miror
572 3407 612 3467 ab
627 3407 685 3468 illo
702 3429 766 3468 non
784 3409 944 3469 redditum
961 3406 1022 3466 tibi
1039 3405 1167 3466 librum.
1208 3405 1349 3466 Scribam
1363 3406 1403 3467 96
1417 3427 1491 3468 eum
1504 3406 1542 3468 de
1555 3408 1614 3468 hac
1628 3429 1662 3468 re

458 3503 720 3581 diligentissime3
752 3526 853 3583 neque
874 3507 961 3566 enim
984 3503 1151 3582 quicquam
1175 3503 1330 3581 estquod
1355 3505 1465 3565 malim
1485 3506 1590 3582 perfici
1610 3508 1660 3566 vel

489 3674 513 3722 6.
532 3689 579 3735 per
589 3678 649 3722 966.
664 3678 695 3723 H.
843 3690 879 3734 ¹4·
899 3673 973 3722 voles
985 3677 1026 3723 D:
1043 3672 1111 3722 velis
1121 3675 1154 3721 H.
1305 3675 1345 3721 98.
1364 3674 1465 3723 habeat
1476 3679 1502 3723 Η
1511 3692 1518 3722 z
1536 3676 1617 3724 habet
1628 3679 1657 3722 D.

458 3752 498 3798 39.
518 3739 569 3787 1999
580 3739 613 3787 69
626 3755 655 3787 99
666 3743 694 3789 F.

492 3887 530 3934 16.
547 3887 690 3952 pensione]
702 3888 772 3936 from
784 3888 943 3948 Aldington.
1085 3888 1113 3934 at
1123 3885 1264 3948 'l'ournayt
1280 3886 1330 3935 but
1346 3887 1393 3935 the
1410 3888 1526 3950 possible
1541 3886 1659 3937 identifi-

492 3966 531 4012 17.
549 3953 573 3998 is
594 3952 655 4016 qui]
682 3953 831 4015 Evidently
852 3953 900 4001 the
923 3954 1034 4016 present
1085 3951 1175 3999 cation
1195 3950 1225 3998 91
1245 3951 1292 3999 8199
1311 3950 1455 4014 physician
1475 3953 1579 4002 Adrian
1598 3955 1657 4017 (Ep.

458 4021 553 4078 rector,
572 4017 692 4066 Richard
710 4019 827 4079 Master3
853 4033 896 4067 see
916 4018 965 4080 Ep.
985 4031 1034 4078 955
1085 4029 1142 4076 755.
1156 4017 1199 4079 97)
1212 4017 1585 4079 suggeststhsthiolendinus
1596 4033 1660 4079 may

456 4082 560 4131 introd.
1084 4081 1153 4130 have
1176 4095 1239 4130 seen
1260 4082 1320 4130 him
1342 4086 1371 4131 98
1392 4084 1531 4145 Autwerp.
1566 4085 1609 4145 By
1629 4085 1660 4131 16

492 4162 531 4209 19.
548 4147 669 4212 anobis]
688 4149 727 4198 cf.
750 4149 798 4198 the
820 4148 916 4197 second
938 4160 1032 4197 reason
1083 4146 1144 4196 Jcn.
1163 4147 1200 4195 199
1221 4161 1277 4195 was
1299 4147 1330 4196 in
1353 4148 1467 4197 Loudon
1489 4150 1611 4211 (Brewer
1627 4151 1657 4197 ii.

456 4214 548 4262 which
568 4215 665 4264 moved
683 4214 812 4262 Warham
833 4217 861 4261 to
883 4212 962 4261 allow
985 4213 1033 4260 the
1083 4212 1169 4273 3885).
1205 4213 1336 4262 Erasmus
1346 4212 1394 4262 did
1410 4217 1458 4262 not
1469 4214 1657 4262 meethimon

457 4281 590 4342 pensi0n;
607 4280 708 4340 quoted
719 4281 749 4328 in
762 4280 810 4342 Ep.
823 4292 871 4341 955
883 4277 982 4327 introd.
1083 4277 1141 4326 this
1152 4279 1274 4327 occasion
1287 4279 1348 4343 (Ep.
1362 4280 1418 4340 855.
1431 4279 1517 4340 99-9).

490 4360 529 4394 99
548 4360 642 4394 rursus
653 4344 751 4408 cogita]
766 4345 895 4394 Erasmus
907 4343 1032 4406 accepted
1115 4358 1156 4404 39.
1174 4343 1289 4408 librum]
1309 4344 1459 4406 Evidently
1475 4344 1524 4393 8199
1545 4348 1659 4394 Accer-

456 4410 514 4460 81919
524 4412 619 4460 advice
629 4427 637 4471 7
653 4425 697 4459 999
709 4411 758 4472 Ep.
772 4411 827 4471 796.
840 4425 878 4458 ro.
1082 4412 1150 4467 89917
1174 4424 1219 4458 999
1237 4410 1259 4458 E
1281 4447 1286 4458 .
1307 4423 1349 4470 3ο.
1370 4413 1400 4458 96
1417 4425 1445 4460 n.
1462 4410 1517 4458 and
1537 4410 1570 4458 ct.
1590 4410 1657 4474 Epp.

489 4491 530 4537 93.
549 4476 753 4540 Paraphrasim]
765 4476 814 4525 See
826 4476 872 4538 Ep.
887 4488 941 4534 710.
1082 4475 1140 4535 684,
1163 4489 1220 4535 739.
1259 4424 1288 4523 lt
1310 4490 1424 4538 appears
1445 4476 1507 4524 81998
1529 4475 1658 4524 Erasmus

489 4557 529 4603 ²5·
549 4543 573 4591 is
585 4543 618 4591 de
632 4542 698 4605 quo]
717 4542 849 4603 Probably
863 4541 943 4603 Dorp
980 4540 1031 4588 For
1082 4539 1137 4587 bad
1157 4541 1224 4588 been
1245 4539 1400 4604 discussing
1415 4542 1463 4590 8199
1485 4542 1612 4603 question
1632 4542 1662 4590 os

456 4610 580 4656 reuewed
596 4609 748 4656 dissension
767 4609 888 4656 between
904 4605 964 4654 him
975 4607 1030 4654 and
1082 4606 1224 4667 rewrlting
1238 4606 1269 4667 it,
1283 4606 1338 4655 aud
1352 4606 1408 4655 had
1424 4607 1555 4669 proposed
1570 4610 1598 4655 to
1615 4607 1657 4655 19-

457 4671 586 4720 Erasmus
602 4688 645 4721 see
657 4674 724 4736 Epp.
736 4676 785 4734 669
796 4672 851 4722 996
864 4687 920 4734 793.
934 4686 964 4733 13
976 4686 1031 4732 seq.
1082 4671 1193 4719 troduce
1205 4671 1279 4722 hiere
1290 4686 1320 4720 aa
1331 4686 1383 4720 ons
1395 4673 1426 4721 91
1438 4672 1485 4721 the
1497 4673 1657 4720 charactera

490 4753 530 4798 97.
549 4738 660 4802 Ρ99999]
678 4739 717 4787 Cf.
737 4740 786 4801 Ep.
805 4741 862 4800 388.
878 4755 911 4802 94
923 4753 952 4787 9.
987 4737 1030 4785 Η9
1081 4736 1138 4785 'l'he
1149 4738 1279 4785 omission
1291 4739 1320 4787 oi
1329 4737 1658 4800 thislargepassageinF

456 4801 512 4850 had
529 4803 659 4852 returned
676 4805 713 4864 by
727 4803 799 4862 Dec,
810 4805 865 4853 996
883 4806 956 4854 More
974 4805 1031 4851 met
1082 4816 1139 4850 was
1155 4802 1285 4864 probably
1299 4802 1353 4852 due
1368 4806 1398 4852 to
1413 4805 1461 4852 tho
1477 4806 1532 4852 1998
1548 4804 1610 4851 81998
1627 4803 1657 4850 19

455 4867 515 4916 19199
522 4869 744 4933 atBrugesOEpp.
754 4869 895 4930 74o-r;cr'.
905 4871 954 4932 Ep,
962 4871 1030 4929 749).
1081 4867 1130 4916 the
1141 4868 1258 4917 interval
1271 4868 1305 4916 he
1321 4868 1376 4917 had
1394 4868 1533 4919 recovered
1548 4867 1621 4916 Book
1636 4870 1654 4921 i.

455 4933 553 4982 Either
569 4934 657 4982 before
673 4949 704 4982 or
720 4935 790 4983 91899
807 4936 863 4983 81919
879 4936 914 4985 199
931 4950 987 4984 was
1003 4936 1032 4982 98
1081 4932 1137 4981 996
1153 4933 1208 4984 1996
1224 4933 1370 4996 publishcd
1385 4936 1408 4984 it
1423 4934 1541 4984 without
1552 4935 1656 4982 rswrit·

454 5000 589 5062 Antwerp
608 4999 668 5063 (Ep.
687 5000 756 5063 736),
770 5000 825 5049 996
842 5000 958 5062 perhaps
974 5000 1032 5048 also
1082 4999 1137 5062 ing.
