3867 6034
341 663 343 667 ’
395 702 456 763 eae
745 701 937 764 amsans
963 703 1018 764 or
1044 701 1245 765 naasuus
1503 698 1604 786 [ψῃ

396 863 451 920 aut
474 859 600 939 alloqui,
616 860 700 938 quod
724 878 781 937 ego
805 878 881 920 eane
899 877 964 919 ncn
981 858 1016 919 in
1032 859 1166 921 minima
1188 859 1383 921 infelicitatis
1402 879 1493 922 meae
1511 862 1603 938 parte

397 976 539 1031 numero,
564 962 671 1017 tamen
692 956 907 1018 inflammatus
930 954 1076 1018 omnium
1089 957 1328 1035 praedicatione,
1343 957 1424 1018 mirc
1444 977 1603 1020 consensu

368 1072 471 1121 scum
492 1055 623 1116 eximiae
642 1059 713 1117 tuas
731 1055 819 1115 dotes
832 1053 883 1114 vel
900 1073 1028 1115 summo
1044 1054 1156 1131 dignes
1174 1054 1313 1132 imperio,
1337 1058 1407 1117 tum
1426 1055 1603 1117 mirificum

396 1153 554 1231 quendam
572 1153 715 1214 animum
728 1172 803 1231 erga
819 1152 917 1213 bonas
935 1152 1056 1212 litteras
1074 1152 1288 1229 prouehendis
1312 1152 1460 1215 laudibus
1483 1153 1602 1215 vehen-

397 1249 490 1325 tium,
504 1254 598 1329 atque
620 1250 654 1311 in
674 1270 726 1331 me
742 1269 865 1328 quoque
884 1248 1083 1327 peculiariter
1102 1253 1134 1310 et
1152 1249 1266 1311 eximie
1284 1271 1490 1329 propensum,
1503 1271 1602 1313 ausus

396 1366 469 1409 sum
482 1349 631 1411 cesarum
644 1348 727 1410 vitas
740 1368 796 1426 per
813 1367 863 1407 me
882 1347 1059 1426 recognitas
1077 1351 1134 1408 tue
1152 1348 1254 1409 dicare
1269 1348 1400 1424 nomini
1414 1348 1500 1409 nihil
1513 1348 1601 1411 aliud

397 1464 517 1507 venans
543 1449 599 1507 aut
625 1448 754 1524 captane
782 1464 801 1506 a
833 1443 1028 1506 sublimitate
1056 1449 1111 1506 tua
1137 1445 1200 1506 nisi
1228 1450 1265 1507 vt
1296 1446 1326 1507 ei
1357 1445 1600 1525 disciplinarum

355 1563 386 1599 ιο
397 1542 591 1622 optimarum
601 1543 707 1605 studia
719 1543 879 1604 redderem
893 1542 1164 1620 commendaticia,
1177 1542 1345 1622 aliquoque
1362 1546 1452 1622 pacto
1465 1547 1602 1606 testam

399 1661 451 1702 me
463 1641 545 1703 tanti
556 1640 713 1719 Principis
727 1641 871 1703 vltroneo
883 1640 982 1702 fauori
996 1644 1107 1701 mutuo
1121 1642 1254 1720 quodam
1267 1662 1372 1703 amore
1386 1643 1585 1721 respondere.

440 1740 539 1802 Porro
563 1760 625 1819 quo
648 1741 756 1800 minus
776 1739 924 1800 volumen
942 1740 981 1800 ad
1001 1742 1032 1800 te
1057 1740 1199 1801 miserim
1222 1761 1240 1801 e
1264 1740 1507 1802 Besilea—nam
1533 1740 1601 1803 illic

399 1858 477 1918 epus
489 1858 639 1900 excusum
652 1840 777 1899 eet—in
790 1857 883 1898 causa
895 1838 956 1897 fuit
974 1838 1058 1915 quod
1073 1858 1145 1899 cum
1159 1837 1219 1898 iter
1232 1843 1315 1899 esset
1329 1839 1441 1917 ingens
1453 1838 1498 1916 (id
1511 1839 1600 1901 enim

398 1937 550 2014 temporie
575 1936 686 2015 agebas
708 1935 964 2014 Wittenbergae),
990 1955 1055 1996 nen
1078 1937 1209 1997 dabatur
1235 1940 1339 1997 certus
1363 1936 1522 2016 quispiam
1548 1937 1600 1999 cui

357 2036 468 2106 15tuto
488 2033 646 2096 committi
665 2037 788 2113 posset:
815 2053 888 2093 mox
902 2053 977 2094 vero
990 2034 1094 2095 visum
1114 2038 1163 2094 cst
1183 2054 1450 2112 superuacaneum
1470 2036 1601 2097 mittere

398 2132 515 2193 librum
537 2134 591 2210 qui
611 2150 768 2210 nusquam
788 2130 931 2209 gentium
952 2150 1017 2191 non
1037 2134 1119 2192 esset
1139 2132 1314 2211 euulgatus
1359 2131 1469 2193 Libuit
1489 2135 1599 2194 tamen

398 2230 527 2291 interim
555 2230 646 2291 hasce
672 2228 795 2291 litterae
808 2228 897 2290 velut
923 2228 1143 2307 exploratrices
1168 2230 1304 2303 mittere,
1320 2250 1453 2309 quarum
1479 2230 1598 2292 indicio

398 2347 581 2405 cognoscam
608 2330 736 2403 gratans
762 2326 859 2387 fuerit
882 2330 990 2387 nostra
1013 2327 1180 2388 caedulitas
1212 2347 1253 2387 an
1277 2346 1375 2389 secus.
1419 2326 1453 2387 Si
1486 2348 1599 2405 parum

398 2425 532 2487 feliciter
555 2424 650 2486 cessit
673 2424 810 2494 audacia,
823 2422 949 2483 dabitur
976 2443 1067 2501 opera
1090 2427 1126 2485 vt
1153 2425 1236 2502 quod
1264 2425 1317 2485 hic
1346 2425 1523 2487 admissum
1551 2428 1600 2486 est

356 2542 508 2596 coemere,
523 2522 601 2582 alias
627 2520 787 2582 sarciatur.
829 2519 937 2599 Neque
966 2521 1076 2582 dubito
1104 2522 1181 2600 quin
1209 2521 1382 2599 singularis
1408 2522 1543 2585 illatus
1566 2525 1599 2583 ct

399 2619 482 2681 nulli
505 2637 570 2679 non
591 2618 768 2697 praedicata
787 2617 954 2680 clementia
974 2619 1098 2697 culpam
1120 2640 1189 2681 eam
1210 2621 1300 2680 facile
1322 2619 1538 2681 condonetura
1557 2622 1600 2683 sit
1641 2606 1644 2614 ¹

398 2716 505 2778 animo
525 2715 653 2776 saedulo
672 2719 756 2775 certe
776 2735 1013 2794 propensoque;
1033 2718 1084 2778 cui
1104 2719 1132 2779 si
1153 2718 1304 2779 iudicium
1325 2718 1435 2794 defuit,
1454 2719 1599 2781 studium

399 2832 465 2875 non
478 2813 578 2873 defuit
592 2812 771 2874 demerendi
784 2813 1036 2891 magnitudinem
1050 2818 1149 2877 tuam.

439 2910 497 2973 sin
524 2910 603 2972 bene
628 2909 722 2972 cessit
745 2911 829 2987 quod
856 2911 925 2972 ausi
951 2931 1070 2986 sumus,
1094 2933 1160 2974 non
1187 2914 1273 2975 aliud
1301 2914 1395 2974 officii
1420 2916 1598 2991 praemium

357 3040 386 3091 ²5
399 3009 564 3090 poscimus,
585 3008 649 3070 nisi
669 3012 705 3069 vt
727 3028 839 3086 pergas
857 3009 961 3070 fauere
982 3010 1164 3072 melioribus
1183 3012 1299 3074 litteris
1319 3013 1383 3073 iam
1403 3013 1523 3089 passim
1542 3033 1599 3091 per

399 3111 539 3171 nostram
565 3106 662 3168 etiam
689 3107 891 3168 Germaniam
926 3106 1197 3184 efflorescentibus,
1229 3114 1323 3189 atque
1359 3111 1442 3171 hanc
1473 3131 1598 3189 quoque

398 3267 464 3306 ausa
476 3249 598 3305 welcher
609 3247 657 3302 ich
670 3246 735 3303 Ειιι
746 3245 991 3303 (thurfuretlichen
1005 3244 1124 3302 Gnaden
1137 3248 1187 3303 der
1199 3246 1370 3304 Romiechen
1384 3247 1490 3317 Keyeer
1503 3249 1598 3305 haben

398 3337 487 3393 durch
504 3336 582 3392 mich
598 3335 751 3392 vbereehen
767 3334 824 3388 end
841 3334 985 3411 gebeesert
999 3332 1043 3404 [Ε.
1056 3333 1084 3389 (l.
1100 3332 1145 3403 G.]
1160 3334 1363 3405 nugeechriben
1379 3336 1445 3402 hab,
1459 3336 1525 3391 halt
1536 3334 1597 3391 ichs

399 3425 484 3482 dafnr
492 3425 542 3480 das
552 3423 697 3479 mirdafnr
703 3439 862 3494 gnugaame
870 3419 1090 3493 Danchsagung,
1101 3421 1314 3493 Vergleichung
1328 3422 1384 3477 end
1395 3422 1598 3495 Beschuldung

360 3528 388 3590 5·
399 3514 541 3585 geschaen
558 3528 623 3581 ecy;
644 3510 763 3580 dieweyl
779 3508 811 3563 Ε.
826 3508 856 3563 (l.
874 3507 907 3564 G.
928 3509 983 3563 mir
1002 3509 1056 3563 mit
1074 3509 1131 3564 irer
1148 3508 1461 3565 allerfrcundtlichsten
1479 3510 1598 3566 Schrifft

399 3599 564 3670 antzeigeth
576 3600 627 3655 dae
639 3597 680 3655 eie
692 3598 786 3655 solche
798 3596 875 3652 mein
887 3596 1090 3668 Wclmeinung
1106 3615 1140 3651 zu
1154 3597 1306 3668 gncdigem
1324 3595 1423 3652 Danclr
1437 3598 1597 3654 vermarcht

398 3688 482 3745 habe.
518 3686 614 3743 Wann
625 3686 667 3741 als
681 3685 729 3743 ich
746 3685 801 3740 mir
814 3684 926 3739 furnam
942 3684 1065 3740 benante
1078 3683 1157 3738 Buch
1170 3682 1202 3738 Ε.
1213 3682 1242 3738 C.
1253 3684 1286 3739 G.
1299 3684 1526 3752 auauechrciben,
1539 3703 1598 3741 war

399 3776 456 3831 mir
466 3776 540 3831 noch
550 3774 633 3830 nicht
645 3792 675 3831 so
684 3773 802 3830 clerlich
812 3770 976 3844 angetzeigt
985 3771 1027 3826 ale
1038 3789 1078 3825 nu
1090 3772 1137 3837 ist,
1149 3772 1199 3826 das
1210 3770 1242 3826 Ε.
1252 3772 1282 3828 C.
1293 3771 1329 3827 G.
1342 3776 1431 3842 guten
1441 3771 1597 3830 Schriften

399 3864 455 3917 rud
476 3863 607 3919 Kuneten
626 3878 658 3917 so
677 3860 734 3917 hch
753 3859 809 3915 end
830 3857 995 3932 guediglich
1016 3858 1131 3931 geneigt
1152 3876 1239 3917 were:
1267 3859 1374 3916 welche
1394 3862 1464 3930 gnte
1486 3859 1597 3917 Kunste

346 3964 388 4011 ιο·
399 3950 546 4006 nachmale
553 3949 669 4007 mitdcn
676 3948 871 4004 Ruckhaltern
879 3946 1228 4003 deraltenVnwiseenheit
1237 3946 1412 4003 fechtenvnd
1420 3945 1596 4017 kemptfenn.

399 4038 475 4094 Aber
489 4038 562 4093 doch
579 4037 638 4093 alec
653 4037 704 4092 das
720 4035 766 4091 die
782 4034 894 4105 Feynde
910 4032 965 4088 mit
977 4033 1048 4089 irem
1061 4033 1275 4090 Widerfechten
1292 4033 1347 4087 vnd
1359 4032 1597 4090 Widarstrebenn

399 4125 495 4181 nichts
513 4125 614 4181 andere
632 4123 770 4193 erlangen
789 4122 867 4178 daun
885 4121 935 4175 dae
952 4118 994 4176 eie
1013 4137 1113 4175 ensem
1132 4119 1190 4192 Syg
1208 4118 1429 4191 weytruchtiger
1446 4120 1502 4175 md
1523 4139 1597 4193 grue

398 4215 566 4283 berumpter
578 4210 653 4266 vnd
644 4230 671 4265 ιι
683 4227 791 4282 eygenc
802 4210 926 4279 Torheyt
941 4207 1084 4264 bekanter
1097 4209 1246 4264 machenn.
1284 4208 1358 4264 Aber
1372 4207 1430 4263 alle
1442 4208 1490 4264 die
1503 4206 1597 4278 (laad,

398 4302 456 4359 clla
469 4300 515 4357 die
525 4299 606 4367 Milo,
616 4298 673 4355 vnd
684 4297 742 4353 alle
754 4296 800 4354 die
811 4296 894 4351 Hulff
908 4315 938 4352 so
951 4294 983 4351 Ε
995 4296 1025 4352 0.
1035 4294 1067 4351 G.
1079 4299 1148 4367 gute
1159 4297 1251 4352 Kunst
1260 4296 1416 4353 widemmb
1428 4296 1596 4365 zuerheben,

347 4420 356 4454 ι
360 4408 387 4469 5
375 4389 455 4444 *md
466 4388 513 4445 die
521 4385 725 4458 Verteydinger
737 4386 788 4441 der
800 4386 898 4455 freyen
907 4385 962 4438 vnd
975 4388 1065 4455 guten
1077 4383 1195 4440 Schrifft
1206 4384 1365 4449 zufordem,
1377 4382 1597 4441 zuhandthabeu

400 4476 456 4530 md
471 4473 675 4544 aufzubringen
689 4471 880 4539 vorwendeth,
892 4472 943 4526 dae
958 4473 1026 4526 aoht
1042 4470 1088 4526 ich
1105 4470 1176 4525 alles
1193 4471 1265 4527 eben
1282 4471 1351 4536 alec,
1364 4469 1421 4524 rud
1437 4469 1523 4525 dafur
1536 4469 1596 4526 also

398 4564 451 4619 hat
462 4561 494 4617 Ε.
505 4563 535 4618 (l.
545 4560 579 4616 (i.
592 4560 688 4617 colcha
700 4559 792 4625 Gncd,
806 4559 908 4627 cunc,
922 4558 1005 4613 Hulff
1014 4559 1071 4612 vnd
1083 4559 1246 4629 Forderung
1258 4557 1313 4611 mir
1326 4557 1415 4613 solbet
1428 4557 1557 4628 ericeigt.

434 4650 466 4707 Ε.
477 4650 506 4706 O.
518 4650 551 4706 G.
563 4648 621 4705 bitt
637 4647 684 4704 ich
701 4647 774 4704 auch
793 4646 833 4702 eie
850 4645 931 4702 welle
946 4646 988 4701 eie
1001 4645 1033 4715 je
1049 4644 1081 4700 in
1098 4645 1173 4715 keyn
1189 4645 1261 4715 Weg
1278 4645 1390 4701 colchas
1406 4645 1462 4701 ires
1477 4644 1596 4703 Gemcts

613 4795 651 4831 ιι.
668 4781 715 4828 ct:
731 4780 810 4828 tanto
821 4778 939 4840 principi
951 4793 975 4838 γ.
1078 4779 1119 4827 26.
1137 4776 1221 4825 etiam
1233 4792 1284 4837 cp:
1299 4790 1345 4824 cm.
1355 4777 1381 4830 β.

610 4913 634 4963 Β.
651 4913 780 4963 &aarum
790 4909 874 4973 vitas]
885 4910 934 4959 See
945 4909 995 4971 Ep.
1007 4910 1063 4969 sss

596 4993 634 5029 ra.
651 4992 705 5040 quo
716 4976 821 5040 minus]
832 4974 872 5025 Gi.
886 4975 933 5038 Ep.
944 4976 1003 5037 835.
1015 4989 1040 5037 5,
1054 4974 1094 5023 for
1106 4990 1121 5024 a
1133 4973 1237 5022 similar
1248 4972 1383 5022 omission.
