3867 6034
386 699 426 760 24
734 697 924 760 LETTERS
950 697 1005 759 OF
1031 697 1232 761 ERASMUS
1484 692 1582 781 [1517

386 855 418 911 et
435 872 492 928 ego
512 870 563 912 me
583 850 680 911 talem
700 871 773 929 erga
793 853 824 912 te
843 851 911 929 (qui
926 852 1067 930 profecto
1082 853 1133 913 vir
1151 872 1185 913 es
1203 852 1291 913 omni
1303 848 1442 913 amicitis
1455 850 1584 929 dignus)

387 949 533 1008 exhibere
546 968 676 1025 possem,
691 951 726 1008 vt
738 948 774 1008 in
787 948 858 1009 albo
871 953 998 1009 tuorum
1017 950 1189 1011 amicorum
1205 950 1317 1012 merito
1334 948 1456 1009 viderer
1471 949 1584 1011 adscri-

387 1046 525 1107 bendus!
567 1046 628 1107 Sed
642 1064 711 1106 mea
723 1046 783 1108 tibi
800 1048 876 1108 satis
894 1047 1054 1125 explorata
1070 1048 1195 1110 fortuna
1207 1052 1263 1124 eet,
1279 1050 1316 1109 vt
1328 1066 1424 1123 quam
1437 1047 1481 1108 sit
1495 1046 1585 1107 nulla

387 1146 443 1204 aut
461 1149 544 1204 certe
564 1143 676 1222 exigua
696 1144 875 1206 admodum.
917 1146 963 1205 At
980 1145 1013 1206 id
1032 1165 1082 1206 me
1102 1146 1200 1207 altera
1219 1165 1259 1206 ex
1282 1147 1372 1223 parte
1393 1143 1584 1218 consolatur,

345 1257 375 1293 ¹0
388 1242 470 1319 quod
491 1241 645 1302 amicitiae
664 1241 745 1302 fines
764 1244 800 1302 tu
821 1262 886 1303 non
906 1263 941 1303 re
959 1242 1014 1303 sed
1033 1243 1140 1304 animo
1156 1261 1276 1321 pensas.
1319 1240 1383 1302 Vix
1401 1241 1465 1302 dici
1480 1245 1586 1319 potest

389 1359 483 1416 quam
507 1341 631 1417 gratum
658 1339 737 1399 mihi
757 1340 801 1400 sit
823 1360 878 1418 per
902 1343 934 1401 to
958 1343 1084 1402 tantum
1107 1344 1140 1403 et
1166 1341 1344 1402 litterarum
1370 1343 1404 1400 et
1425 1340 1586 1400 virtutum

389 1437 550 1513 praeconio
576 1437 682 1497 virum
708 1437 863 1514 honorari,
885 1438 992 1516 aliquo
1020 1438 1140 1500 scilicet
1172 1442 1299 1500 tuarum
1330 1437 1586 1498 lucubrationum

389 1537 602 1610 monumento,
619 1535 674 1613 qui
688 1534 770 1595 nihil
788 1535 856 1613 ipse
868 1537 907 1597 de
920 1539 953 1596 te
965 1536 1044 1597 bene
1063 1537 1199 1597 meritus«
1207 1556 1279 1597 sum
1292 1538 1330 1597 vt
1344 1534 1482 1596 debeam.
1523 1533 1586 1595 Sed

390 1635 438 1691 eet
456 1634 511 1692 tua
527 1632 603 1693 haec
623 1633 659 1692 in
673 1651 783 1693 omnes
798 1633 957 1694 studiosos
978 1634 1203 1696 beneuolentia
1247 1632 1323 1695 Vidi
1342 1635 1374 1693 et
1391 1633 1455 1711 legi
1468 1632 1588 1710 praeis·

348 1745 377 1796 15
390 1730 509 1790 tionem
533 1730 568 1790 in
590 1731 730 1808 primum
757 1730 911 1791 Theodori
930 1732 969 1791 de
989 1734 1056 1792 arte
1081 1733 1287 1809 grammatica
1314 1730 1443 1805 librum,
1468 1729 1587 1790 iterum

390 1826 457 1887 vidi
475 1831 507 1888 et
527 1828 622 1906 relegi
640 1848 675 1888 ac
693 1828 823 1887 mirifice
842 1848 967 1889 mecum
983 1830 1077 1891 toties
1090 1830 1346 1890 delectatussum
1358 1828 1494 1889 lectione
1507 1827 1584 1904 ipsa,

390 1928 426 1985 vt
440 1929 522 1985 certe
536 1927 570 1986 in
584 1925 733 1985 omnibus
745 1924 816 1985 aliis
829 1925 894 1985 tuis
907 1926 1087 1988 litterarum
1097 1928 1312 1989 monumentis
1322 1925 1416 1988 soleo.
1459 1924 1589 1985 Habent

392 2024 478 2083 enim
493 2024 525 2082 id
540 2022 741 2099 praecipuum
756 2023 862 2083 omnia
875 2026 1047 2085 tua—citra
1061 2025 1275 2086 adulationem
1288 2023 1477 2102 loquor-vt
1491 2022 1590 2083 simud

392 2120 535 2180 erudiant
556 2120 702 2181 lectorem
716 2123 749 2179 et
761 2119 923 2198 voluptate
939 2122 1077 2184 mirabili
1093 2124 1229 2184 afficiant
1242 2124 1436 2199 teneantque.
1481 2120 1589 2181 Meum

349 2238 380 2272 ιο
393 2219 520 2296 quidem
538 2217 721 2278 huiusmodi
739 2220 786 2277 est
805 2218 975 2281 iudicium:
996 2220 1050 2280 alii
1071 2224 1176 2281 autem
1194 2220 1349 2298 quomodo
1366 2219 1515 2295 iudicent,
1531 2238 1589 2296 pro

393 2338 449 2376 suo
467 2317 598 2393 quisque
618 2315 733 2393 placito
749 2315 815 2375 illis
835 2316 971 2377 liberum
991 2319 1144 2397 relinquo.
1187 2322 1271 2382 Sunt
1284 2323 1399 2394 tamen,
1414 2320 1448 2379 at
1464 2337 1529 2379 non
1549 2337 1590 2377 ox

394 2416 505 2475 multis
517 2415 573 2491 illi,
590 2416 644 2493 qui
660 2435 763 2476 meam
782 2417 985 2494 comprobent
1003 2419 1200 2480 sententiam.
1243 2418 1362 2479 Verum
1376 2418 1414 2478 de
1428 2417 1478 2478 his
1491 2416 1591 2491 satis;

394 2534 443 2574 res
456 2514 523 2591 ipsa
536 2535 569 2576 se
582 2514 694 2592 arguit

435 2612 524 2688 Quod
548 2612 659 2673 scribis
686 2613 729 2672 de
748 2611 914 2674 escusione
938 2615 1088 2691 opusculi,
1114 2613 1147 2674 id
1175 2616 1231 2675 tuo
1258 2614 1422 2674 committo
1450 2611 1590 2673 arbitrio.

352 2725 380 2774 25
395 2710 513 2771 Tamen
537 2710 565 2771 si
590 2729 661 2770 cum
684 2709 816 2785 epistola
839 2713 895 2770 tua
917 2710 1015 2771 simul
1039 2713 1186 2788 misisses,
1213 2730 1369 2773 curassem
1395 2710 1590 2783 hisdiebus,

396 2810 544 2885 quoniam
562 2811 635 2869 ante
650 2808 793 2868 triduum
814 2806 853 2867 ad
874 2806 1067 2886 Oapnionem
1086 2811 1230 2871 nostrum
1246 2808 1366 2887 scripsi,
1385 2808 1482 2869 etiam
1501 2807 1540 2868 de
1560 2809 1594 2867 te

395 2905 522 2983 aliquid,
544 2909 581 2967 vt
602 2905 743 2965 Themae
767 2904 932 2980 Anselmo,
952 2907 1043 2968 cuius
1069 2908 1152 2968 mihi
1178 2908 1333 2969 formulae
1354 2906 1432 2967 eatis
1459 2904 1591 2984 placent,

396 3023 451 3080 per
472 3005 575 3082 ipsum
594 3003 785 3079 Capnionem
802 3003 1052 3066 committeretur
1072 3004 1327 3083 imprimendum.
1368 3005 1417 3065 Tu
1437 3003 1521 3083 quod
1534 3002 1593 3064 tibs

397 3101 522 3162 videtur
546 3102 595 3162 fao
615 3102 650 3161 vt
669 3101 777 3175 lubet3
805 3102 837 3160 te
856 3100 993 3163 libenter
1015 3123 1133 3180 sequar.
1185 3104 1273 3179 Quod
1301 3105 1458 3179 praetores
1483 3101 1596 3162 scribis

354 3216 385 3264 30
398 3198 525 3259 Nouum
549 3199 786 3259 Testamentum
810 3198 880 3259 istic
904 3199 1024 3276 placere
1048 3204 1080 3261 et
1104 3201 1196 3262 bonis
1216 3204 1249 3261 et
1269 3199 1379 3276 doctis,
1398 3219 1466 3261 esse
1486 3202 1594 3260 tamen

399 3298 481 3360 κύνας
504 3297 558 3374 qui
579 3296 777 3370 oblatrarent,
793 3296 875 3357 nihil
898 3298 1026 3373 mirum,
1047 3299 1171 3376 quando
1192 3318 1232 3359 ne
1252 3299 1318 3376 ipse
1339 3296 1468 3377 quidem
1487 3300 1597 3358 auctor

398 3395 482 3456 Noui
506 3394 700 3455 Testamenti
722 3394 783 3453 nisi
801 3394 893 3455 bonis
916 3395 1035 3472 plaeere
1054 3397 1165 3475 potuit,
1188 3399 1221 3457 et
1236 3396 1376 3457 fortassis
1396 3394 1460 3456 nisi
1479 3395 1520 3457 iis
1540 3394 1596 3473 qui

398 3493 494 3571 probe
515 3491 601 3554 docti
623 3495 721 3552 erant.
763 3490 806 3550 Et
825 3512 865 3551 ex
885 3494 1006 3553 nostris
1023 3494 1177 3572 theologis
1197 3493 1347 3555 nonnulli
1366 3496 1442 3555 sunt
1457 3494 1513 3572 qui
1530 3513 1598 3572 per·

399 3591 480 3652 leoto
508 3590 575 3669 ipso
602 3591 668 3652 iam
697 3588 840 3649 animum
868 3592 1033 3651 mutarunt
1060 3595 1092 3651 et
1119 3593 1180 3654 tibi
1205 3593 1278 3670 plue
1306 3612 1401 3669 quam
1429 3591 1598 3652 credideris

356 3707 385 3756 35
399 3690 585 3768 afficiuntur,
606 3690 716 3767 vtpote
737 3689 828 3747 antea
847 3688 990 3747 acerrimi
1012 3691 1059 3749 tui
1081 3690 1221 3750 nominis
1240 3690 1348 3751 hostes
1366 3691 1400 3750 et
1420 3689 1477 3767 qui
1494 3689 1598 3750 dicere

400 3807 587 3849 consueuere
602 3807 671 3849 sese
685 3785 741 3846 abs
754 3788 786 3845 te
801 3784 986 3863 grauissime
1003 3788 1136 3848 offensos
1153 3808 1226 3848 esse.
1270 3787 1373 3849 Iidem
1391 3788 1454 3848 ism
1468 3786 1598 3849 demum

401 3886 497 3945 etiam
510 3905 617 3962 sapere
631 3885 788 3962 incipiunt
803 3883 878 3961 quid
897 3884 1000 3945 valeat
1014 3886 1176 3964 utriusque
1190 3887 1317 3964 linguae
1331 3888 1416 3946 recta
1428 3884 1598 3962 institutio,

401 4002 435 4042 ac
450 4002 574 4042 summe
587 3983 714 4060 perinde
736 3982 843 4043 dolent
860 4002 894 4043 se
911 3982 967 4043 illa
988 4002 1107 4059 carere3
1128 3984 1232 4045 multo
1250 4004 1323 4044 vero
1337 3982 1447 4061 magis,
1463 3983 1546 4062 quod
1560 3982 1599 4044 de

400 4099 509 4140 earum
529 4081 719 4141 assecutione
739 4079 914 4157 desperant,
935 4080 1051 4157 partim
1072 4081 1144 4160 quia
1166 4082 1283 4160 pudeat
1302 4081 1419 4142 disoere
1439 4099 1475 4141 ao
1497 4081 1600 4142 veluti

437 4292 475 4326 ra.
494 4277 585 4325 virum
596 4278 639 4325 ΣΒ
651 4292 658 4324 :
672 4289 758 4323 vnum
769 4279 821 4324 lis.
937 4277 975 4326 16.
994 4289 1102 4324 mecum
1112 4279 1173 4324 1182
1189 4291 1282 4326 meam
1292 4278 1344 4326 18.
1459 4287 1500 4336 35
1517 4278 1601 4325 antea

401 4346 496 4404 mpst:
514 4346 597 4392 auten
606 4346 662 4391 18.
673 4357 680 4389 :
695 4343 760 4389 ante
770 4343 820 4389 ιθ.
887 4342 1012 4390 acerrimi
1022 4344 1079 4392 LB:
1096 4350 1174 4391 eoem
1183 4346 1238 4393 18.
1305 4344 1334 4392 et
1342 4343 1441 4400 minat:
1457 4346 1488 4391 vt
1496 4344 1552 4392 us,

437 4539 475 4586 ¹⁴·
494 4523 702 4589 praelationem]
719 4522 770 4588 Ep.
785 4525 844 4585 μθ.
1024 4522 1055 4572 oi
1063 4523 1138 4572 them
1148 4538 1259 4587 appears
1268 4522 1336 4572 tobe
1344 4522 1444 4571 known
1453 4536 1533 4587 now,
1545 4524 1601 4576 and

436 4604 475 4650 ²4·
493 4590 628 4654 opusculi]
648 4590 769 4654 Perhaps
788 4605 838 4640 one
855 4588 886 4639 oi
898 4588 976 4639 those
1024 4590 1092 4650 they
1103 4604 1173 4638 were
1184 4588 1300 4651 perhaps
1309 4602 1393 4637 never
1403 4587 1521 4651 printed.
1543 4590 1601 4640 Tbe

403 4655 560 4704 mentioned
585 4657 620 4717 by
643 4655 781 4706 Cumanus
803 4657 833 4704 in
856 4669 872 4704 a
894 4655 976 4705 letter
1026 4668 1077 4703 one
1097 4654 1256 4703 mentioned
1276 4653 1340 4702 hers
1360 4667 1423 4715 may
1441 4653 1511 4703 have
1530 4655 1601 4705 been

402 4722 431 4767 to
442 4720 584 4783 Reuchlin,
597 4721 613 4768 8
625 4721 697 4783 Sept.
710 4719 806 4788 (15¹7)
819 4722 884 4783 (RE.
897 4722 958 4782 ²44)
970 4736 977 4770 r
1026 4719 1176 4782 aeolloquy
1187 4721 1217 4768 ol
1224 4720 1272 4769 the
1283 4722 1382 4768 nature
1393 4719 1423 4768 ol
1431 4720 1479 4768 the
1487 4724 1602 4779 Apatn-

404 4784 520 4847 ⁴Aoeepi
536 4786 570 4834 ab
586 4786 698 4834 Erasmo
715 4792 807 4835 nostro
823 4788 916 4836 literas
932 4787 978 4835 his
1025 4788 1059 4833 sis
1073 4788 1209 4848 σορκίοηὼ,
1219 4782 1509 4852 pnblishedin(Aug.)
1520 4798 1601 4847 ψη

404 4849 977 4913 diebus,inquibustuiquoquementionem
1026 4849 1081 4899 aad
1099 4849 1240 4899 Caesarius
1260 4862 1322 4911 may
1337 4849 1406 4899 hare
1425 4850 1495 4899 been
1514 4850 1602 4901 intro-

402 4916 478 4975 facit,
490 4920 518 4964 et
529 4915 563 4965 de
574 4916 680 4964 duobus
694 4916 830 4979 opusculis
845 4931 899 4965 sse
914 4931 977 4966 oon-
1027 4915 1114 4965 duced
1122 4930 1151 4965 as
1164 4930 1215 4965 one
1227 4914 1257 4964 oi
1264 4914 1312 4964 the
1323 4914 1481 4965 characters.

404 4982 491 5046 fectis,
500 4983 530 5030 in
538 4985 622 5045 tuam,
630 4980 718 5047 eredo,
727 4981 978 5033 laudem'lielther
1059 4996 1100 5046 31.
1118 4978 1299 5046 oblatrarent]
1311 4980 1351 5031 Oi.
1364 4981 1413 5045 Ep.
1424 4995 1482 5044 ⁵97·
1494 4995 1518 5046 ⁶1,
1529 4995 1573 5044 49.
