3867 6034
464 720 523 784 198
809 722 999 785 LETTERS
1027 723 1082 785 OT
1109 721 1308 785 ERASMUS
1564 717 1663 803 [1518

776 920 847 982 761.
892 916 941 982 To
963 919 1108 981 Arrour
1130 934 1173 982 or
1196 916 1346 982 Bnaear.

499 1058 640 1115 Deventer
652 1057 710 1115 MS.
723 1075 765 1129 91,
779 1060 800 1115 f.
813 1061 856 1130 36.
1245 1060 1360 1132 Collige
1373 1060 1411 1114 du
1423 1057 1480 1127 Lis,
1493 1056 1627 1114 Lourain.

498 1145 566 1215 D.p.
579 1147 628 1202 162
641 1165 647 1201 ε
661 1144 727 1215 Ep.
739 1158 804 1216 151:
817 1145 887 1202 HN:
900 1145 1042 1201 Londm
1054 1148 1100 1202 18:
1116 1145 1243 1218 LB.353.
1305 1146 1568 1216 14January1518.

671 1274 739 1339 [The
750 1274 814 1324 date
824 1275 848 1324 ia
858 1273 1030 1335 abundantly
1041 1274 1190 1324 confirmed
1202 1276 1238 1336 by
1249 1274 1297 1323 the
1308 1272 1454 1338 contenta]

484 1420 556 1469 Dm.
574 1420 730 1469 EBASEVS
750 1419 1001 1469 ammonemus
1022 1419 1228 1471 BEVERENDO
1249 1422 1289 1470 IN
1310 1421 1457 1471 cnmsno
1476 1419 1580 1468 PATRI
1604 1419 1654 1469 AG

535 1523 670 1572 DOMINO
692 1524 725 1571 D.
744 1522 895 1572 ANTONIO
917 1523 940 1569 A
962 1522 1084 1573 BEBGIS
1106 1524 1232 1572 ABBATI
1254 1523 1331 1571 DIVI
1354 1523 1494 1572 BERTINI
1516 1523 1543 1570 S.
1562 1522 1595 1569 D.

504 1644 536 1707 S.
548 1644 595 1720 P,
612 1643 781 1705 reuerends
795 1647 883 1721 pater
897 1663 932 1703 ac
945 1647 1075 1721 patrone
1088 1644 1266 1723 singularis.
1309 1646 1390 1706 <lum
1404 1644 1515 1705 multis
1529 1642 1667 1704 nomini·

463 1743 523 1804 bus
536 1742 601 1802 iam
613 1742 691 1803 olim
705 1746 779 1803 tuae
791 1741 980 1820 benignitati
994 1742 1098 1816 debeo,
1115 1746 1186 1803 tum
1202 1743 1260 1803 hoc
1279 1742 1375 1803 etiam
1389 1762 1461 1803 eum
1474 1742 1665 1815 obstrictior,

464 1841 547 1919 quod
575 1839 699 1901 Morum
726 1839 849 1900 animae
873 1858 960 1899 meae
984 1841 1106 1916 partem
1132 1858 1212 1917 pene
1236 1839 1410 1900 chariorem
1433 1843 1500 1900 tam
1523 1842 1668 1900 amanter

464 1938 641 2015 acceperis:
676 1937 752 1997 adeo
779 1938 812 1997 in
839 1936 941 1997 literis
966 1938 1006 1998 ad
1033 1956 1085 1997 me
1111 1937 1178 1997 suis
1211 1936 1272 1997 sibi
1306 1937 1436 2014 plaudit,
1466 1936 1549 2014 quod
1575 1940 1667 1997 tuam

437 2035 580 2108 sviderit
593 2034 844 2113 amplitudinem.
887 2035 978 2110 Quod
998 2034 1126 2113 quidem
1144 2054 1210 2095 non
1228 2033 1298 2095 ideo
1316 2034 1397 2095 mihi
1416 2034 1523 2095 minue
1539 2038 1667 2111 gratum

464 2134 621 2213 estquod
634 2134 670 2193 in
687 2137 720 2194 te
736 2152 856 2194 nouum
876 2152 940 2193 non
959 2133 1022 2194 site
1043 2136 1075 2193 et
1093 2136 1201 2193 tamen
1221 2132 1279 2207 illi,
1296 2132 1370 2194 licet
1388 2132 1585 2207 amicissimo,
1602 2151 1666 2193 non

466 2231 548 2294 nihil
568 2232 680 2308 inuidi,
702 2232 752 2292 cui
774 2251 837 2292 non
863 2232 948 2293 idem
970 2231 1102 2292 licuerit.
1155 2230 1301 2291 Emoriar
1320 2230 1349 2291 si
1372 2249 1436 2292 non
1458 2230 1534 2290 haec
1554 2230 1668 2309 hyems

465 2330 546 2391 mihi
566 2330 659 2408 longo
680 2328 803 2391 saeculo
822 2329 891 2390 viee
911 2332 960 2391 est
986 2329 1110 2408 longior
1127 2351 1135 2402 3
1167 2328 1289 2389 tamdiu
1310 2330 1448 2406 ooccycis
1467 2328 1530 2388 fuit
1549 2328 1669 2406 agenda

465 2427 538 2488 vita
583 2427 770 2505 Quanquam
783 2447 847 2487 non
861 2427 978 2488 tamin
992 2427 1066 2487 nido
1080 2445 1244 2488 vereamur
1258 2445 1353 2504 quarn
1369 2426 1403 2486 in
1421 2425 1554 2503 pistrino
1573 2425 1667 2503 longe

424 2546 455 2583 ιο
465 2524 609 2584 οιιιιιίιιιιι
629 2524 833 2585 odiosissime.
886 2524 1015 2585 Nouum
1035 2526 1274 2585 Testamentum
1295 2543 1403 2584 rursus
1422 2522 1668 2596 inuouauimus;

466 2640 509 2695 ac,
531 2621 560 2680 si
583 2622 728 2683 Christus
751 2621 942 2699 aspirauerit,
966 2621 1029 2683 tale
1052 2622 1219 2682 reddemus
1241 2624 1279 2681 vt
1303 2624 1334 2681 et
1357 2620 1462 2681 Leone
1489 2620 1612 2682 decimo
1635 2624 1667 2681 et

466 2718 647 2795 posteritate
660 2738 725 2779 non
739 2719 906 2796 indignum
918 2719 1019 2779 videri
1031 2720 1139 2797 possit.

508 2815 692 2894 Quanquam
706 2815 836 2875 interim
848 2816 897 2876 tui
910 2817 1000 2894 copia
1012 2836 1077 2877 non
1090 2820 1147 2891 est,
1160 2835 1225 2877 non
1239 2817 1326 2877 deest
1340 2817 1445 2875 tamen
1459 2815 1514 2892 qui
1528 2818 1560 2875 te
1574 2815 1668 2876 nobis

466 2916 623 2991 utcunque
641 2915 856 2991 repraesentet
900 2911 1002 2975 Adest
1020 2914 1105 2975 enim
1124 2914 1286 2975 Antonius
1304 2913 1413 2974 fratris
1432 2914 1481 2974 tui
1500 2913 1596 2989 filius,
1613 2914 1668 2991 qui

425 3022 454 3075 ¹5
466 3012 498 3071 te
515 3029 582 3070 non
595 3010 701 3069 minue
714 3010 834 3089 ingenii
847 3010 1089 3072 mansuetudine
1098 3031 1193 3090 quam
1208 3011 1336 3071 nomine
1350 3010 1444 3071 refert
1458 3013 1490 3070 et
1503 3011 1665 3088 exprimit.

466 3108 573 3169 Musas
598 3107 720 3169 omneis
746 3108 843 3169 iratas
869 3108 1008 3184 habeam,
1033 3110 1061 3169 si
1088 3108 1164 3187 quid
1189 3109 1240 3169 vel
1267 3108 1403 3170 mentiar
1430 3107 1481 3169 vel
1508 3108 1664 3170 blandiar.

465 3205 657 3267 Adolescens
682 3206 764 3266 mira
790 3205 895 3267 indole
921 3226 1080 3268 summam
1102 3227 1191 3285 spem
1221 3208 1259 3268 de
1287 3226 1320 3268 se
1344 3206 1491 3284 praebet,
1521 3208 1668 3286 quodque

465 3322 573 3365 rarum
587 3305 636 3364 est
648 3304 731 3365 inter
743 3303 857 3379 felices,
875 3305 974 3366 bonas
987 3305 1094 3366 literas
1108 3307 1232 3366 deamat
1248 3304 1352 3379 etiam,
1370 3323 1488 3382 nosque
1501 3304 1669 3366 literarum

465 3403 550 3462 amat
576 3399 686 3479 gratia.
736 3399 821 3462 Visit
847 3420 906 3462 nos
931 3401 1073 3478 subinde,
1102 3402 1326 3463 bibliothecam
1355 3405 1496 3462 nostram
1523 3402 1666 3481 suspicit.

424 3515 455 3551 ²0
467 3497 546 3559 Heri
574 3498 652 3559 duas
682 3500 836 3559 artocreas
862 3497 982 3558 ferinae
1013 3499 1111 3573 misit,
1140 3519 1213 3559 oum
1239 3498 1384 3576 epistolio
1418 3501 1484 3560 tam
1518 3499 1666 3578 eleganti,

465 3598 592 3657 tantum
615 3592 823 3657 humanitatis
844 3615 917 3673 prae
941 3616 975 3656 se
997 3596 1127 3670 ferente,
1152 3600 1188 3657 vt
1214 3597 1295 3657 mihi
1321 3595 1416 3674 longe
1442 3596 1543 3658 ferina
1570 3598 1668 3659 fuerit

466 3694 592 3772 gratius.
636 3693 782 3756 Ofelices
795 3694 953 3769 literas‚si
973 3694 1090 3756 talibus
1109 3694 1258 3755 heroibus
1270 3694 1391 3772 placere
1404 3695 1581 3771 coeperint!
1602 3696 1667 3756 imo

466 3791 573 3852 felices
586 3791 742 3852 nobilium
756 3793 916 3870 imagines,
934 3792 962 3853 si
975 3793 1014 3853 ad
1029 3793 1150 3871 generis
1167 3792 1366 3869 splendorem
1379 3791 1559 3853 uenturae
1574 3794 1668 3855 decus

467 3889 677 3950 adiunxerint.

424 4015 455 4065 ²5
508 3986 560 4047 Ab
584 3986 643 4047 hoc
669 3987 795 4048 cardine
817 3987 979 4066 praecipue
1003 3988 1118 4066 pendet
1141 3986 1228 4048 orbis
1252 3986 1396 4062 felicitas,
1421 3987 1449 4046 ei
1471 3988 1668 4067 principibus

466 4083 604 4145 maxime
618 4084 703 4144 cordi
713 4084 833 4145 fuerint
846 4104 926 4164 quac
937 4088 1015 4146 sunt
1028 4086 1157 4164 optima
1190 4086 1342 4146 Summus
1355 4085 1503 4146 Pontifex
1516 4087 1668 4165 quicquid

466 4180 572 4243 vbiuis
592 4184 640 4241 est
660 4180 834 4260 insignium
854 4183 1055 4261 ingeniorum
1074 4184 1180 4258 allicit,
1204 4186 1305 4258 ornat,
1327 4182 1443 4243 auehit
1487 4183 1528 4243 Et
1549 4186 1617 4246 scio
1637 4190 1668 4246 et

466 4278 565 4339 fateor
584 4297 636 4338 me
658 4277 741 4338 nihil
756 4280 875 4351 smmi
895 4299 967 4340 uum
987 4281 1121 4341 eruditis
1140 4280 1219 4341 viris
1239 4299 1428 4357 componam
1449 4282 1482 4339 et
1501 4282 1609 4342 tamen
1628 4283 1668 4343 ob

466 4377 693 4455 nescioquam
719 4377 839 4438 famam
867 4378 1061 4452 eruditionis,
1090 4398 1186 4457 quam
1213 4378 1294 4439 mihi
1320 4376 1553 4440 lucubrationes
1579 4399 1667 4442 meae

423 4505 454 4554 30
465 4476 663 4553 pepererunt,
678 4493 751 4534 cum
768 4474 909 4552 proxime
928 4494 1030 4536 essem
1043 4477 1079 4536 in
1098 4474 1223 4553 Anglia,
1234 4493 1359 4535 summa
1378 4493 1452 4535 cum
1470 4475 1669 4541 humanitate

498 4647 547 4684 nr.
559 4638 615 4684 cdd
627 4639 657 4684 D.
748 4651 770 4685 1.
786 4650 807 4686 a
820 4652 846 4687 r.
858 4653 903 4688 ona
916 4640 947 4687 D.
1014 4633 1061 4686 12⁶⁶
1072 4642 1125 4687 MS.
1138 4654 1144 4685 ι
1162 4637 1398 4687 Reuerendiasime
1409 4640 1438 4687 D.
1508 4635 1668 4690 Reuerendo

467 4733 475 4748 .
488 4731 497 4749 .
510 4735 517 4750 .
528 4700 676 4762 singultaria
686 4716 731 4750 om.
744 4706 777 4751 Η.
854 4718 878 4751 a.
895 4706 1010 4766 patrone
1022 4704 1242 4766 incomparabilia
1249 4710 1300 4762 port
1311 4704 1395 4752 debeo
1407 4705 1464 4750 aad.
1477 4704 1511 4749 H.
1581 4718 1604 4765 7.
1622 4708 1667 4755 oui

466 4768 537 4814 ME:
554 4765 625 4826 quod
637 4766 709 4815 mihi
720 4769 753 4817 H.
845 4782 883 4818 ιο.
903 4770 1070 4818 innouamua
1081 4773 1109 4819 D.
1200 4784 1239 4817 ao.
1257 4769 1325 4818 duaa
1336 4771 1471 4817 artocreas
1482 4766 1585 4817 ferinae
1597 4772 1649 4821 MS.
1662 4788 1668 4818 :

467 4830 608 4879 ceruinam
618 4834 649 4880 D.
748 4848 787 4893 aa
803 4832 904 4881 tamma
916 4838 985 4884 lisa
1003 4848 1110 4884 causam
1122 4832 1170 4883 ff:
1187 4835 1344 4898 opinionem
1354 4836 1388 4884 Η.

498 5010 523 5055 3.
542 4992 662 5057 Morum]
673 4993 714 5043 ct.
727 4994 775 5056 Ep.
786 4994 844 5055 683.
861 5007 935 5056 54-7.
1129 5010 1166 5054 14.
1185 4993 1332 5059 Antonius]
1344 4996 1394 5045 See
1406 4996 1455 5059 Ep.
1466 4997 1523 5058 7⁶0.
