3867 6034
458 718 520 776 soe
807 715 998 779 aurnuns
1025 715 1307 779 orassemus
1560 691 1660 798 [131⁸

457 892 562 950 equos,
592 873 712 950 imponi
739 872 869 933 alteram
897 874 1093 947 manticam3
1123 872 1254 934 alteram
1281 873 1399 951 hospiti
1425 873 1599 949 committe,
1629 876 1662 933 et

457 969 568 1031 claudo
582 989 652 1030 meo
665 988 746 1047 equo
759 970 798 1030 ad
809 969 964 1031 Comitem
977 969 1085 1031 Nouae
1093 969 1217 1048 aquilae
1230 990 1394 1048 percurro:
1415 975 1464 1032 est
1477 973 1586 1032 sutem
1600 970 1662 1031 iter

458 1068 606 1128 horarum
620 1068 767 1145 quinque.
811 1067 846 1128 ls
858 1068 970 1146 agebat
983 1068 1143 1129 Bedburii

416 1187 446 1238 75
498 1165 593 1242 Apud
627 1167 713 1226 hunc
747 1166 935 1227 suauissime
966 1167 1106 1245 quinque
1133 1166 1200 1227 dise
1226 1186 1297 1227 sum
1326 1172 1543 1241 commoratus,
1572 1168 1663 1227 tanta
1675 1183 1737 1245 Sept.

458 1263 686 1341 tranquillitate
713 1268 744 1323 et
771 1265 839 1326 ocio
867 1268 902 1324 vt
930 1264 1046 1325 bonam
1072 1265 1293 1342 recognitionis
1322 1268 1442 1342 partem
1469 1265 1554 1342 apud
1588 1283 1663 1325 eum
1678 1261 1745 1308 ¹²⁴⁷

459 1362 648 1438 peregerim:
668 1347 742 1423 nam
763 1382 833 1422 eam
854 1362 937 1423 Noui
956 1362 1152 1424 Testamenti
1171 1367 1293 1440 partem
1314 1382 1438 1424 mecum
1458 1362 1661 1423 abduxerant

459 1458 590 1520 Vtinam
616 1459 779 1521 bominem
808 1479 924 1534 nosses,
954 1462 1001 1520 mi
1028 1460 1144 1521 Beatel
1186 1461 1318 1521 quenis
1351 1464 1408 1534 est,
1438 1462 1492 1521 sed
1526 1480 1598 1522 rara
1632 1461 1664 1521 et

458 1556 625 1635 plusquam
658 1557 753 1618 senili
786 1558 952 1635 prudentia
969 1579 978 1632 ;
1011 1559 1223 1636 pauciloquue,
1251 1558 1304 1619 sed
1333 1558 1417 1636 quod
1448 1559 1486 1619 de
1521 1557 1664 1619 Menelao

416 1668 449 1717 80
459 1656 614 1732 praedicat
628 1655 796 1723 Homerus.
811 1658 893 1734 μάλα
910 1657 1010 1737 λιγέως
1026 1657 1173 1735 loquitur,
1187 1659 1254 1717 imo
1267 1658 1393 1717 cordate
1405 1678 1413 1731 ;
1434 1656 1513 1716 citra
1528 1658 1664 1717 ostenta·

459 1754 581 1815 tionem
593 1755 705 1815 doctus
717 1774 783 1815 non
797 1755 831 1815 in
848 1775 911 1816 vno
928 1755 1106 1817 studiorum
1124 1774 1237 1834 genere
1256 1759 1391 1829 tantum,
1407 1758 1493 1814 totus
1511 1754 1664 1815 candidus

459 1855 493 1912 et
505 1852 606 1914 amico
619 1854 748 1914 amicus.
791 1853 861 1914 lam
876 1854 989 1914 firmus
1002 1873 1087 1914 eram
1102 1873 1137 1913 ac
1150 1852 1342 1929 robustulus,
1357 1854 1420 1913 iam
1438 1851 1520 1912 mihi
1532 1851 1664 1929 pulchre

459 1949 628 2027 placebam,
644 1971 679 2012 ac
693 1953 759 2012 fore
771 1952 934 2029 sperabam
951 1955 988 2011 vt
1006 1952 1131 2013 validus
1148 1951 1341 2029 Episcopum
1361 1950 1533 2010 inuiserem
1554 1949 1664 2010 heodi-

460 2065 568 2108 ensem
581 2051 615 2107 et
626 2048 758 2108 alacrem
772 2068 824 2109 me
840 2049 1001 2109 redderem
1022 2050 1132 2110 amicis
1153 2048 1361 2109 Brabanticis.
1405 2047 1490 2123 Quae
1507 2047 1663 2120 conuiuia

416 2161 448 2222 85
460 2165 538 2224 quas
556 2146 790 2222 gratulationes,
806 2166 884 2225 quas
897 2146 1167 2208 confabulationes
1179 2147 1260 2207 mihi
1274 2146 1515 2224 promittebam!
1559 2146 1665 2206 Deme

461 2264 579 2319 ueram,
594 2246 622 2304 si
637 2249 801 2307 vernasset
814 2249 997 2322 autumnus,
1008 2247 1161 2324 Angliam
1173 2245 1259 2306 adire
1269 2248 1301 2306 et
1313 2245 1397 2324 quod
1412 2244 1479 2304 Rex
1492 2244 1557 2304 iam
1571 2244 1667 2305 toties

462 2343 552 2403 offert
561 2344 706 2420 accipere.
749 2344 809 2404 Sed
821 2365 840 2404 o
850 2344 976 2405 fallaces
985 2344 1167 2404 mortalium
1178 2347 1267 2421 spesi
1286 2343 1436 2405 osubitae
1446 2346 1477 2402 et
1486 2342 1666 2420 inopinatae

461 2460 565 2501 rerum
580 2441 791 2502 humanarum
803 2443 906 2504 vices!
939 2442 965 2502 Ε
980 2444 1078 2503 tantis
1091 2442 1278 2504 felicitatum
1292 2441 1425 2502 somniis
1438 2440 1473 2500 in
1487 2442 1665 2501 extremum

460 2540 591 2600 exitium
604 2539 825 2617 praecipitatus
837 2559 917 2601 sum.
1639 2557 1642 2562 ’

416 2665 450 2716 90
504 2637 574 2698 Iam
596 2637 631 2696 in
651 2641 813 2714 posterum
833 2638 919 2698 diem
937 2642 1003 2699 erat
1021 2639 1175 2699 conducta
1194 2638 1274 2715 biga.
1317 2638 1430 2698 Comes
1449 2636 1562 2697 nolens
1584 2636 1666 2696 mihi

462 2737 536 2795 ante
549 2738 674 2795 noctem
687 2735 858 2796 valedicere
869 2736 1062 2813 praedicauit
1075 2756 1109 2796 se
1122 2739 1197 2797 ante
1206 2735 1329 2796 abitum
1339 2754 1433 2795 mane
1442 2734 1588 2795 visurum
1602 2752 1664 2794 me.

462 2834 509 2894 Ea
522 2836 613 2893 nocte
626 2851 719 2893 saeua
728 2834 881 2910 quaedam
891 2835 981 2895 venti
995 2836 1164 2910 tempestas
1177 2837 1282 2894 coorta
1295 2836 1352 2908 eet,
1363 2851 1442 2911 quae
1454 2834 1571 2893 etanta
1580 2832 1665 2892 diem

388 2923 391 2931 ’
462 2930 643 3009 proximum
653 2934 870 3008 praecesserat
912 2932 981 3008 Ego
995 2931 1095 2992 nihilo
1103 2932 1203 2992 secius
1211 2951 1306 3010 surgo
1316 2938 1389 3009 post
1398 2930 1502 2991 noctis
1511 2929 1662 3002 medium,
1680 2950 1706 2996 ιτ

462 3031 673 3090 annotaturus
689 3029 842 3106 quaedam
860 3029 997 3091 Comiti:
1017 3048 1149 3107 cumque
1170 3030 1235 3090 iam
1255 3032 1338 3089 emet
1355 3028 1434 3089 hora
1452 3028 1589 3106 septima
1606 3047 1665 3087 nec

417 3150 449 3200 95
464 3128 602 3207 prodiret
620 3126 742 3201 Comes,
758 3126 851 3188 iubeo
865 3127 957 3188 illum
971 3127 1111 3189 excitari.
1153 3128 1251 3189 Venit
1263 3130 1303 3201 et,
1319 3112 1357 3188 vt
1369 3129 1418 3188 est
1430 3125 1666 3188 modestissimo

448 3226 580 3304 >pudore
592 3226 760 3303 praeditus,
776 3229 866 3303 rogat
886 3245 966 3287 num
984 3230 1067 3288 esset
1079 3227 1236 3288 sententia
1255 3226 1413 3287 discedere
1433 3226 1519 3286 coelo
1537 3228 1606 3286 tam
1618 3224 1665 3284 in·

462 3323 645 3386 commodo:
666 3343 700 3385 se
720 3323 802 3385 mihi
822 3324 943 3386 timere.
987 3325 1047 3398 Ibi,
1064 3326 1109 3385 mi
1131 3326 1234 3398 Beate,
1250 3324 1374 3402 Iupiter
1392 3324 1497 3384 nescio
1516 3323 1590 3401 quis
1610 3324 1667 3383 aut

462 3421 567 3482 malus
592 3422 704 3499 genius
730 3442 795 3483 non
820 3421 988 3483 dimidium
1016 3424 1141 3494 mentis,
1163 3427 1198 3482 vt
1221 3422 1266 3483 ait
1293 3422 1460 3496 Hesiodus,
1481 3421 1537 3483 eed
1565 3423 1666 3481 totam

462 3523 601 3581 mentem
621 3519 757 3579 ademit:
780 3539 854 3582 nam
869 3520 1038 3581 dimidium
1056 3522 1173 3581 mentis
1191 3521 1351 3582 ademerat
1366 3540 1439 3606 cum
1453 3518 1602 3581 Coloniae
1615 3538 1667 3603 me

404 3635 452 3671 roo
463 3617 700 3678 committerem
743 3620 849 3695 Atque
868 3618 992 3679 vtinam
1005 3623 1060 3679 aut
1073 3618 1129 3679 ille
1140 3619 1242 3678 scrius
1254 3618 1392 3680 amicum
1411 3616 1664 3691 commonuisset,

463 3719 520 3777 aut
539 3734 596 3793 ego
615 3715 802 3776 verecundis
822 3716 876 3777 sed
896 3716 1099 3778 amicissimis
1122 3716 1253 3777 monitis
1274 3715 1495 3793 obsequentior
1516 3715 1667 3778 fuissem!

464 3812 559 3890 Rapit
577 3813 697 3874 metati
712 3814 778 3875 vis:
799 3814 874 3891 quid
891 3815 977 3875 enim
996 3815 1082 3875 aliud
1103 3815 1232 3875 dicam?
1272 3814 1455 3876 conscendo
1474 3813 1582 3892 bigam
1602 3832 1668 3878 non

463 3911 697 3987 commeante
711 3914 807 3972 vento

1033 4010 1171 4086 quantus
1191 4007 1266 4070 altis
1284 4008 1446 4069 montibus

406 4127 451 4176 105
829 4105 960 4183 Frangit
979 4109 1151 4168 trementes
1172 4106 1268 4168 ilices.

564 4300 603 4346 ῃ.
621 4300 685 4335 nam
697 4322 704 4334 .
719 4321 726 4335 .
741 4322 748 4335 .
761 4285 928 4337 abduxeram
939 4290 996 4335 adal.
1008 4290 1037 4335 F.
1148 4287 1190 4348 98.
1207 4289 1238 4335 vt
1248 4284 1306 4335 EN¹
1312 4289 1371 4335 LBz
1387 4287 1435 4335 aut
1445 4282 1480 4333 N¹
1490 4288 1567 4335 laad.

499 4451 539 4497 qa.
557 4435 673 4484 alteram
693 4432 808 4499 hospiti]
830 4434 980 4497 Evidently
999 4434 1042 4483 ior
1093 4433 1195 4483 introd
1286 4437 1289 4443 '

466 4500 655 4550 transmission
679 4501 714 4563 by
736 4504 822 4550 water
843 4504 871 4549 to
893 4501 1042 4562 antwerp3
1125 4501 1166 4560 87.
1184 4498 1275 4563 offert]
1293 4498 1332 4548 ci.
1345 4498 1462 4561 Ep.⁶94.
1478 4512 1547 4547 ron.

466 4568 498 4615 cl.
511 4567 578 4628 Epp.
593 4567 676 4628 8778.
1107 4566 1167 4627 9⁸·
1190 4563 1338 4630 Hesiodum]
1364 4565 1381 4615 Ι
1408 4578 1453 4613 am
1481 4562 1613 4613 indebted
1642 4567 1669 4614 to

499 4647 538 4693 7⁴·
558 4629 701 4693 Bedburii]
730 4634 761 4679 16
783 4632 863 4680 miles
885 4645 919 4682 vv.
943 4633 973 4681 of
994 4630 1042 4679 co·
1094 4630 1143 4680 ur.
1169 4629 1205 4680 Η.
1228 4630 1364 4693 Sbarpley
1386 4630 1428 4678 ior
1452 4629 1500 4679 the
1524 4630 1669 4693 ingenious

468 4697 563 4759 logne;
580 4700 613 4746 ct.
628 4697 676 4759 Ep
691 4712 739 4757 442
750 4696 853 4747 introd.
1094 4696 1249 4759 suggestion
1270 4696 1331 4745 tbat
1352 4696 1480 4745 Erasmus
1496 4696 1521 4743 is
1537 4695 1603 4745 bere
1620 4709 1669 4746 un·

502 4776 542 4822 77.
559 4762 629 4810 Noui
640 4762 819 4827 Testamenti]
837 4763 875 4812 (lt.
889 4777 915 4825 p.
928 4762 986 4824 387.
1094 4761 1264 4824 conscionsly
1272 4761 1491 4824 contaminating
1499 4760 1611 4812 amsa
1623 4773 1670 4824 1⁴⁹

499 4827 541 4875 8ο.
561 4827 710 4892 Homerus]
728 4832 758 4878 Il
775 4843 798 4889 3„
819 4843 885 4888 21⁴3
908 4830 942 4877 ct.
962 4831 1042 4887 Adae.
1094 4827 1162 4875 vvith
1175 4826 1453 4889 Hom.0d.17.3aa,3.
1488 4826 1671 4889 Foramng

471 4906 541 4953 1949
675 4911 677 4913 ·
1094 4892 1257 4941 attributlon
1269 4907 1314 4942 sse
1324 4893 1372 4955 Ep.
1386 4894 1442 4955 9⁶7.

500 4959 541 5018 83.
562 4955 751 5020 leodiensem]
768 4959 969 5022 Ssepp.167‚8.
1130 4973 1186 5019 ¹04·
1209 4962 1329 5021 quantus
1350 4957 1426 5022 altis]
1449 4905 1514 5008 dor.
1534 4961 1610 5017 m
1629 4972 1668 5007 ro.

499 5023 541 5073 86.
560 5022 688 5085 angliam
716 5023 804 5088 adire]
836 5024 885 5074 See
917 5024 967 5087 Bp.
987 5026 1044 5086 9⁶4
1095 5024 1145 5082 pb.
