3867 6034
469 703 529 765 150
814 700 1004 764 muscas
1031 700 1086 761 OF
1112 698 1312 762 ERASMUS
1566 695 1660 781 [15¹7

438 862 497 927 ste
515 856 607 919 nobis
625 875 692 917 esse
710 855 870 918 redditum
887 855 1015 934 gaudeo,
1031 859 1068 916 vt
1082 876 1176 933 quem
1190 855 1267 916 olim
1283 855 1410 915 iuuenis
1428 853 1660 915 adulescentem

466 952 668 1035 st(ud>iorum
692 953 828 1015 sodalem
847 956 940 1033 atque
960 955 1138 1014 consortem
1158 952 1217 1013 sub
1241 953 1401 1013 communi
1423 955 1554 1030 patrono
1580 952 1662 1013 mili-

466 1055 587 1114 tantem
616 1052 729 1127 amani,
758 1071 841 1113 nunc
871 1055 1040 1128 patronum
1072 1070 1107 1112 ac
1137 1051 1315 1112 studiorum
1344 1051 1503 1127 simulque
1533 1050 1661 1112 virtutis

467 1151 644 1212 antistitem
666 1153 698 1211 et
720 1150 860 1212 venerari
880 1148 953 1210 licet
973 1153 1005 1210 et
1025 1148 1131 1210 colere.
1174 1149 1267 1210 Mitto
1290 1149 1418 1209 interim
1439 1147 1661 1227 Paraphrasim

467 1250 606 1309 nostram
629 1248 664 1309 in
688 1247 861 1326 Epistulam
883 1246 975 1307 Pauli
998 1248 1037 1307 ad
1062 1248 1221 1308 Romanos
1247 1245 1389 1325 pmxima
1412 1247 1531 1307 foetura
1554 1249 1661 1307 natam

426 1367 455 1401 ιο
466 1347 548 1425 apud
563 1366 629 1406 nos.
671 1345 800 1406 Etenim
812 1364 883 1405 cum
899 1364 986 1405 nunc
998 1365 1104 1406 verser
1120 1344 1155 1405 in
1170 1344 1265 1405 studii
1279 1363 1389 1420 genere
1401 1343 1503 1405 multo
1517 1345 1662 1405 omnium

468 1443 696 1519 molestissimo,
725 1462 838 1521 nempe
871 1442 906 1503 in
933 1442 1180 1520 recognoscendo
1207 1462 1316 1503 rursus
1345 1439 1408 1522 [in]
1437 1442 1528 1503 Nouo
1557 1442 1662 1503 Testa·

467 1544 582 1616 mento,
598 1540 752 1601 eiusmodi
764 1539 865 1601 veluti
883 1540 1073 1601 laxamentis
1090 1541 1234 1601 animum
1251 1540 1377 1600 reficere
1393 1539 1486 1599 soleo.
1533 1539 1661 1613 Quoties

467 1639 592 1700 satietas
619 1642 721 1699 tentat
745 1637 898 1716 obrepere,
923 1658 960 1700 ea
986 1642 1094 1700 nostra
1116 1640 1167 1700 rel
1191 1637 1255 1716 pila
1276 1641 1324 1698 est
1346 1639 1397 1698 vel
1420 1638 1494 1712 alea,
1520 1658 1580 1716 que
1610 1659 1661 1699 me

467 1736 686 1813 redintegratis
696 1736 818 1798 viribus
826 1755 923 1813 penso
934 1737 1081 1799 restituit
1117 1734 1271 1797 Fortassis
1284 1738 1317 1796 et
1330 1736 1365 1795 in
1377 1737 1492 1796 ceteras
1505 1736 1663 1811 Epistolas

426 1836 550 1907 15idem
571 1833 711 1894 facturus
728 1852 807 1907 sum,
824 1832 852 1893 si
872 1836 1002 1911 gustum
1023 1834 1108 1895 hunc
1131 1854 1254 1895 sensero
1274 1832 1389 1911 palatis
1409 1833 1575 1894 hominum
1596 1853 1662 1894 non

467 1931 667 2009 displicuisse.
719 1929 836 1991 Mirum
853 1930 939 1991 enim
959 1932 1046 1992 dictu
1067 1931 1273 2009 quantumin
1290 1931 1341 1991 his
1362 1950 1485 2009 quoque
1504 1931 1598 1992 rebus
1619 1931 1662 1992 sit

466 2030 561 2104 aleae,
583 2032 619 2090 vt
639 2047 843 2107 sepenumero
866 2029 991 2089 eueniat
1018 2032 1053 2089 vt
1076 2030 1159 2089 vnde
1186 2048 1345 2090 summam
1368 2028 1504 2105 speraris
1527 2028 1661 2102 laudem,

467 2126 581 2189 malam
597 2126 719 2187 auferas
736 2126 891 2203 gratiam
912 2145 1040 2188 rursum
1055 2127 1138 2187 vnde
1154 2127 1237 2187 nihil
1256 2126 1428 2204 expectaris
1447 2126 1572 2202 gratiae,
1589 2125 1664 2186 hinc

467 2225 607 2286 multum
621 2223 723 2283 laudis
733 2222 899 2301 contingat.
942 2223 1030 2284 Bene
1043 2224 1121 2300 vale,
1133 2226 1222 2303 pater
1235 2224 1440 2299 ornatissime,
1452 2228 1484 2285 et
1494 2224 1663 2285 Erasmum

425 2347 456 2382 1ο
468 2321 502 2383 in
516 2326 643 2383 tuorum
657 2320 807 2381 clientum
822 2341 991 2383 numerum
1005 2322 1177 2383 asscribito.
1223 2321 1226 2324 ’

788 2591 859 2655 721.
904 2590 954 2655 To
976 2590 1102 2656 Hnuar
1125 2591 1344 2658 (1111111111.

502 2764 646 2823 Deventer
658 2765 716 2821 MS.
730 2780 772 2836 91,
790 2767 809 2821 f.
823 2766 859 2833 46
871 2772 910 2821 v0.
1370 2766 1539 2841 (Leusain.)

503 2852 559 2908 LB.
572 2853 646 2923 App.
659 2869 720 2925 235.
1282 2853 1459 2926 (November
1469 2856 1518 2911 fin.
1535 2854 1628 2928 1517.)

631 2997 698 3062 [Not
709 2998 771 3061 long
782 2997 853 3047 aiter
863 2999 911 3061 Ep.
927 3013 974 3059 707
986 3016 993 3059 ;
1010 2998 1142 3061 probably
1153 3004 1214 3049 sont
1226 3001 1296 3049 with
1308 3003 1375 3064 Epp.
1390 3001 1493 3065 723-5]

715 3169 868 3218 RRASMVS
890 3171 1043 3221 HENRIOO
1064 3171 1238 3222 GLARIANO
1259 3173 1322 3222 SVO
1345 3174 1371 3224 S.
1390 3175 1423 3225 D.

509 3316 670 3378 Rssrorrnr
700 3336 799 3394 nuper
824 3317 863 3377 ad
886 3320 958 3378 tuas
985 3318 1114 3393 litteras,
1140 3318 1213 3379 licet
1241 3319 1420 3397 occupatior
1446 3321 1543 3381 etiam
1571 3342 1665 3401 quam

470 3414 546 3477 olim
568 3434 654 3476 eram
678 3413 828 3475 Basilcae.
872 3414 906 3475 Si
927 3415 987 3475 tibi
1008 3435 1058 3477 res
1082 3420 1159 3477 suut
1181 3436 1219 3476 ex
1242 3417 1341 3477 animi
1362 3418 1410 3478 tui
1432 3419 1594 3494 sententia,
1618 3424 1666 3481 est

469 3514 552 3591 quod
579 3511 731 3574 maiorem
759 3512 793 3572 in
820 3512 951 3573 modum
978 3512 1137 3590 gaudeam.
1185 3515 1315 3576 Vtinam
1344 3507 1469 3577 fortuna
1496 3517 1547 3578 hic
1574 3521 1666 3579 tuum

469 3610 551 3672 istuc
571 3609 721 3672 salarium
742 3629 809 3671 esse
825 3609 994 3672 voluisset!
1036 3612 1141 3672 Floret
1160 3613 1217 3672 hec
1237 3632 1310 3674 cum
1331 3615 1468 3674 maxims
1487 3615 1664 3690 Academia,

443 3712 501 3785 get
519 3728 569 3769 res
583 3707 755 3786 theologica
774 3707 882 3768 minus
899 3709 1025 3786 spinoso
1044 3710 1245 3787 tracta<tu)r.
1289 3711 1338 3771 Ex
1354 3712 1458 3790 legato
1477 3711 1667 3792 Hieronymi

470 3806 607 3867 Buslidii
628 3805 809 3867 instituitur
829 3806 1005 3883 collegium,
1028 3807 1144 3886 inquo
1168 3808 1293 3869 alantur
1316 3810 1436 3888 aliquot
1458 3811 1588 3872 iuuenes
1608 3812 1666 3873 lin·

470 3923 604 3982 guarum
624 3904 766 3978 studiosi,
784 3923 918 3982 cumque
936 3905 1069 3967 histros
1087 3906 1288 3985 professores,
1303 3908 1357 3984 qui
1374 3907 1499 3986 publice
1517 3911 1549 3969 et
1569 3910 1667 3987 gratis

470 4003 534 4061 tres
557 4000 682 4079 linguas
705 4001 843 4076 doceant,
871 4003 1028 4077 Graecam,
1055 4002 1260 4065 Haebreicam
1284 4008 1316 4066 et
1339 4006 1494 4067 Latinam.
1536 4006 1668 4085 Iamque

470 4098 557 4159 adest
585 4097 745 4158 Mattheus
770 4097 939 4174 Adrianus,
969 4099 1139 4162 Hebraicae
1166 4101 1340 4163 litterature
1367 4103 1574 4166 doctissimus.
1618 4105 1666 4166 Da

429 4223 460 4261 ιο
471 4214 597 4275 operam
619 4199 654 4255 vt
676 4198 758 4256 recte
778 4194 884 4256 valeas
904 4199 937 4257 ct
959 4196 1139 4275 frequenter
1159 4200 1198 4259 ad
1220 4219 1279 4261 nos
1305 4200 1430 4262 scribas
1475 4202 1510 4263 Si
1532 4222 1596 4263 non
1618 4207 1667 4263 est

470 4294 530 4356 tibi
554 4292 755 4355 familiaritas
774 4313 847 4354 cum
871 4294 972 4356 Paulo
996 4297 1152 4376 Aemylio,
1172 4297 1220 4358 fac
1244 4299 1418 4362 contrahas.
1457 4299 1554 4361 Orode
1576 4301 1665 4375 mihi,

470 4390 625 4466 Glariane,
650 4389 732 4451 nihil
754 4392 801 4451 est
824 4411 860 4452 eo
883 4391 1014 4453 homine
1035 4414 1135 4473 neque
1159 4396 1281 4457 doctius
1304 4416 1404 4476 nequo
1429 4399 1542 4459 melius
1567 4419 1667 4477 neque

470 4490 505 4551 in
518 4490 617 4551 bonos
629 4488 822 4567 propensius
867 4489 1005 4551 Rursum
1018 4492 1096 4553 vale.

504 4677 561 4725 720.
587 4692 625 4727 1ο.
652 4692 743 4728 verear
765 4683 818 4729 118.
959 4694 998 4730 11.
1028 4682 1058 4729 in
1080 4695 1125 4730 om.
1148 4683 1196 4731 LB.
1305 4698 1343 4744 13.
1372 4682 1431 4734 alea
1454 4687 1509 4734 LB:
1538 4684 1593 4734 alia
1614 4688 1666 4735 118.

473 4757 510 4803 14.
542 4745 644 4793 ceteros
670 4747 725 4794 118.
916 4745 972 4795 721.
1002 4762 1026 4807 4.
1055 4747 1189 4797 maximae
1216 4752 1268 4797 118.
1433 4750 1459 4799 6.
1487 4751 1597 4799 iuuines
1614 4754 1666 4800 118.

504 4977 560 5026 721.
578 4990 602 5037 o
621 4975 773 5041 Adrianus]
785 4974 835 5025 Sea
846 4991 872 5040 p.
887 4979 942 5027 101
1126 4991 1165 5029 11.
1183 4979 1323 5045 Aemylio]
1333 4979 1384 5029 Sos
1394 4995 1422 5043 p.
1437 4995 1493 5044 149.
