3867 6034
296 687 382 775 70⁶]
662 695 777 758 FROM
803 696 982 784 monas
1008 694 1127 757 Morta
1436 696 1495 757 188

292 848 457 908 literarum
471 866 563 907 causa
580 848 631 907 vel
650 870 728 924 mea,
745 852 894 928 quoniam
908 850 1011 910 sentio
1029 852 1061 910 te
1079 848 1226 910 meditari
1241 850 1277 910 in
1296 871 1332 911 eo
1350 869 1441 927 opere
1459 852 1496 910 vt

292 950 419 1007 extruas
430 944 587 1005 amicitiae
601 950 727 1008 nostrae
739 952 993 1022 monumentum,
1007 947 1090 1025 quod
1101 968 1158 1025 ego
1167 947 1382 1025 pyramidibus
1395 947 1496 1008 omni·
1509 961 1539 1011 3⁵

293 1042 353 1104 bus
364 1046 398 1104 et
410 1042 558 1104 omnibus
571 1044 739 1105 mausoleis
751 1046 900 1106 antefero.

333 1140 381 1201 De
394 1139 556 1200 Hermano
569 1141 686 1203 videris
698 1142 774 1219 ipse.
816 1142 899 1222 Erga
912 1144 1044 1204 Battum
1059 1147 1143 1203 certe
1156 1144 1200 1203 sic
1220 1144 1296 1204 olim
1309 1146 1364 1204 tua
1378 1144 1496 1221 praedi·

292 1239 412 1299 catione
426 1258 497 1298 sum
511 1238 651 1299 adfectus
664 1242 700 1299 vt
713 1241 782 1302 eius
796 1241 965 1302 memoriae
978 1240 1205 1317 propemodum
1218 1241 1348 1318 perinde
1361 1261 1398 1301 ac
1412 1261 1497 1303 meae

292 1337 425 1397 faueam.
469 1337 608 1397 Tantum
622 1336 683 1397 tibi
696 1339 896 1416 cogitandum
909 1341 959 1399 est
977 1359 1037 1417 quo
1053 1344 1145 1415 pacto
1162 1358 1221 1399 nos
1237 1340 1408 1417 coniungas
1424 1358 1497 1400 cum

292 1434 350 1495 illo
362 1437 417 1513 qui
430 1454 482 1494 me
495 1435 552 1494 vix
562 1435 639 1508 viro,
653 1435 719 1495 imo
732 1455 773 1496 ne
782 1436 851 1497 viro
865 1436 1002 1514 quidem,
1016 1435 1156 1497 decessit
1189 1436 1250 1497 Sed
1259 1436 1321 1498 ista
1334 1437 1497 1499 commode
1508 1447 1541 1497 40

292 1538 328 1592 tu
342 1532 580 1593 machinabaris.
616 1532 678 1598 sed
692 1533 771 1594 heus
784 1537 829 1609 tu,
844 1534 1008 1611 proximus
1021 1553 1092 1593 sum
1105 1534 1332 1610 egometmihi.
1367 1533 1497 1595 Partem

291 1630 432 1707 paciscor
444 1630 535 1707 plane
549 1631 724 1707 proximam
739 1632 807 1691 tibi.
849 1632 1022 1710 loquacior·
1040 1651 1122 1705 sum,
1138 1635 1173 1692 vt
1187 1632 1255 1707 scis,
1271 1650 1367 1710 quam
1380 1636 1418 1694 vt
1430 1653 1497 1694 esse

292 1728 393 1805 patiar
416 1747 550 1805 persona
573 1731 670 1802 muta,
694 1730 877 1805 praesertim
899 1730 935 1790 in
956 1749 993 1789 ea
1015 1728 1176 1790 comoedia
1196 1750 1235 1789 ex
1255 1750 1318 1807 qua
1339 1730 1420 1790 mihi
1440 1730 1497 1790 im·

292 1825 520 1886 mortalitatem
533 1825 713 1902 spondeam

333 1925 421 1998 Vale,
437 1923 482 1983 mi
496 1923 680 1984 charissime
694 1923 834 1986 Erasme.
875 1926 1003 1988 Gaudeo
1017 1925 1187 1985 versiculos
1201 1944 1287 1985 meos
1300 1924 1334 1984 in
1348 1923 1496 1985 tabellam
1508 1931 1541 1982 45

293 2022 353 2081 tibi
370 2021 535 2099 placuisse.
580 2021 767 2083 Taratallua
787 2023 1040 2102 endecasyllabos
1058 2024 1130 2101 plus
1148 2023 1224 2083 satis
1242 2022 1390 2095 laudauit,
1406 2023 1497 2083 hexa·

292 2119 416 2179 stichon
443 2120 609 2180 moderate.
666 2119 727 2180 Sed
757 2121 790 2180 id
821 2120 1010 2182 fraterculus
1040 2120 1169 2199 quidam
1196 2139 1291 2181 ausus
1322 2122 1370 2181 est
1400 2120 1496 2181 etiam

293 2217 524 2295 reprehendere,
540 2218 622 2293 quod
641 2238 698 2278 vos
717 2219 839 2279 Castori
855 2221 888 2280 et
906 2219 1031 2281 Polluci
1049 2218 1254 2293 conferebam,
1276 2238 1355 2297 quoa
1375 2215 1497 2279 dicebat

292 2315 398 2392 potius
417 2315 589 2392 comparari
609 2315 752 2376 debuisse
770 2317 891 2377 Theseo
909 2337 944 2378 ac
962 2317 1107 2378 Pirithoo
1125 2321 1180 2377 aut
1199 2315 1313 2393 Pyladi
1331 2319 1364 2377 et
1382 2316 1494 2389 Oresti,

293 2414 356 2494 qui,
377 2412 461 2489 quod
481 2432 538 2473 vos
558 2413 642 2486 estis,
664 2414 801 2474 inuicem
821 2417 911 2475 erant
930 2415 1035 2489 amici,
1055 2435 1121 2475 non
1140 2415 1261 2474 fratrea
1304 2413 1372 2492 Ego
1392 2413 1498 2475 frater·
1510 2423 1542 2472 50

293 2510 402 2570 culum
426 2530 466 2569 ne
491 2529 564 2571 vera
588 2510 717 2587 quidem
741 2512 898 2572 dicentem
921 2512 1012 2590 potui
1033 2513 1123 2587 ferre,
1148 2513 1334 2589 resequutus
1358 2511 1497 2572 hominia

293 2608 409 2667 bonam
422 2626 550 2683 operam
564 2608 647 2668 malo
662 2610 896 2686 epigrammate.

375 2762 462 2823 Duos
481 2763 597 2823 amicos
617 2764 761 2824 versibus
781 2765 889 2842 paucis
909 2764 1003 2825 modo

415 2861 546 2938 Magnos
566 2861 866 2936 volensostendere,

374 2959 493 3018 Tantos
513 2958 630 3019 amicos
651 2959 793 3019 dixeram
815 2960 925 3038 quanti
946 2959 1022 3019 olim
1043 2963 1134 3019 erant

416 3056 583 3133 Castorque
604 3057 781 3136 Polluxque
800 3058 947 3119 inuicem.

379 3153 521 3213 ‘Fratres
540 3155 668 3215 amicis’
688 3157 733 3216 ait
757 3156 879 3233 ‘inepte
900 3156 1079 3233 eomparas'

417 3250 580 3328 Ineptiens
600 3253 794 3314 fraterculus

377 3349 476 3423 ‘Quid
497 3349 573 3409 ni?’
601 3350 740 3427 inquam.
788 3354 857 3412 ‘An
878 3350 972 3411 alteri
993 3370 1059 3411 esse
1080 3350 1246 3428 quisquam
1266 3347 1395 3407 amicior

416 3446 517 3521 Quam
538 3448 635 3508 frater
656 3450 704 3508 est
725 3449 816 3509 fratri
835 3448 980 3526 potest?’
1509 3450 1542 3500 ⁶0

377 3544 482 3604 lrrisit
501 3544 557 3604 ille
578 3544 736 3607 inscitiam
756 3549 879 3607 tantam
899 3565 1010 3621 meam,

417 3641 478 3716 Qui
500 3662 568 3701 rem
589 3647 655 3702 tam
676 3648 816 3720 apertam
837 3644 982 3703 nesciam.

378 3740 451 3800 ‘Est
472 3740 577 3817 ampla
597 3741 706 3801 nobis'
727 3742 832 3818 inquit
856 3745 908 3800 ‘ac
930 3742 1077 3817 frequens
1097 3739 1210 3798 domus

417 3836 496 3897 Plus
517 3858 612 3914 quam
635 3839 778 3899 ducentis
798 3839 955 3912 fratribus,

376 3933 437 3994 Sed
458 3955 496 3994 ex
517 3936 660 3997 ducentis
680 3957 773 4013 pereo
793 3937 821 3996 si
842 3936 958 4013 reperis
979 3936 1058 3995 duos
1510 3940 1542 4007 ⁶⁵

416 4032 541 4092 Fratres
561 4035 680 4094 amicos
700 4036 859 4095 inuicem.’

337 4187 406 4247 lam
426 4188 543 4247 iterum
564 4190 643 4266 vale,
664 4190 774 4251 Caleti.
795 4212 824 4252 v.
850 4189 1047 4251 Nouembris.
1070 4187 1195 4264 raptim,
1216 4184 1307 4245 valde
1327 4184 1499 4243 festinante

296 4285 464 4358 tabellario,
480 4291 620 4364 urgente,
636 4290 756 4366 opinor,
771 4290 864 4350 illum
878 4288 993 4365 auriga

328 4467 544 4580 Mitiluoniainn'
563 4503 569 4514 ·
589 4503 596 4514 ·
616 4485 655 4526 44.
681 4468 828 4530 spondeam
847 4485 891 4516 om.
906 4472 928 4515 F
943 4478 996 4529 (37.
1017 4464 1157 4512 Hermano
1173 4462 1272 4518 scripsi:
1297 4457 1437 4505 Hormauo
1454 4455 1499 4519 D).

296 4546 369 4591 49,θ
429 4546 488 4581 :au
535 4568 542 4580 .

329 4726 369 4772 37.
388 4711 539 4775 Hormano]
553 4713 601 4760 See
613 4713 662 4773 Ep.
676 4727 709 4773 33
721 4713 822 4762 introd.
924 4710 1024 4760 introd.

328 4792 368 4836 40.
387 4779 433 4825 vix
451 4778 522 4839 viro]
541 4777 614 4825 liora
632 4793 687 4825 was
702 4793 734 4837 24
751 4793 781 4827 or
795 4792 826 4839 ²5
844 4781 873 4826 at
957 4790 997 4836 41.
1017 4771 1169 4837 proximus]
1179 4772 1238 4820 Ter.
1250 4774 1329 4820 Andr.
1340 4773 1397 4833 635.

296 4841 344 4890 the
360 4843 429 4890 time
447 4843 475 4890 of
493 4843 582 4892 Batt's
601 4843 698 4902 death;
719 4845 752 4893 cf.
772 4844 821 4906 llp.
839 4859 871 4905 35
957 4844 997 4901 ⁴⁶·
1017 4836 1248 4901 endecasyllabos]
1262 4836 1301 4888 Of.
1316 4836 1365 4899 Ep.
1377 4838 1434 4898 684.
