3867 6034
259 717 335 802 811]
553 721 607 781 To
636 720 812 781 GERARD
840 718 1170 782 GELDENHAUER
1398 722 1460 785 288

260 876 438 950 consistere,
469 875 497 936 si
530 874 710 937 dialecticus
739 895 873 950 summo,
905 876 988 953 quod
1020 877 1120 950 aiunt,
1150 877 1219 938 iure
1245 881 1351 938 tecum
1378 880 1460 958 agat.

261 975 384 1037 Deinde
403 973 485 1034 mihi
501 994 566 1036 non
582 975 687 1036 visum
706 978 754 1035 est
771 976 857 1036 istud
874 976 997 1054 proprie
1015 974 1093 1035 belli
1109 976 1239 1036 nomine
1257 978 1458 1054 censendum,

261 1075 315 1135 sed
326 1073 434 1152 potius
446 1071 727 1133 animaduersionis
740 1093 748 1146 3
763 1072 826 1133 nisi
839 1072 919 1134 forte
933 1092 1005 1133 cum
1017 1071 1119 1133 Moses
1130 1072 1170 1133 ob
1181 1073 1321 1134 vitulum
1331 1093 1462 1137 ameum
1475 1093 1504 1142 πε

261 1175 309 1232 tot
340 1170 510 1231 hominum
534 1170 624 1231 milia
644 1170 823 1247 trucidauit,
845 1170 978 1232 bellasse
999 1169 1135 1233 videtur.
1187 1171 1354 1233 Postremo
1382 1172 1462 1233 milri

262 1269 341 1330 satis
354 1272 419 1329 erat
433 1268 516 1347 quod
529 1288 589 1329 nos
601 1288 726 1346 semper
739 1269 893 1330 internos
908 1268 1141 1347 belligeramur,
1157 1268 1207 1329 illi
1225 1272 1280 1330 aut
1299 1289 1462 1348 nunquam

261 1369 318 1428 aut
338 1365 505 1427 nrissime.
549 1367 601 1428 Ad
628 1366 881 1444 persrmdendum
908 1366 984 1428 iacit
1012 1366 1220 1445 exaggeratio,
1246 1370 1282 1427 vt
1309 1387 1462 1444 stangnum

263 1464 401 1542 positum
422 1464 464 1525 sit
488 1464 556 1525 vice
577 1467 644 1540 fere
670 1483 842 1539 nunquam
871 1464 1134 1541 quemadmodum
1164 1463 1292 1541 Paulus,
1317 1485 1390 1525 cum
1416 1466 1462 1528 ait

265 1563 401 1624 ‘Omnes
422 1581 501 1641 quse
519 1583 577 1624 sus
590 1566 668 1623 sunt
681 1565 835 1641 quaerunt
846 1564 863 1637 ⁹,
879 1583 944 1624 non
965 1581 1075 1624 omnes
1096 1562 1196 1623 sensit
1216 1581 1283 1623 esse
1303 1562 1391 1638 tales,
1407 1563 1462 1624 sed
1476 1583 1509 1630 30

264 1659 401 1739 intelligi
413 1660 515 1721 voluit
529 1680 699 1737 perpaucos
712 1680 780 1721 esse
792 1661 848 1738 qui
861 1659 1072 1737 Euangelium
1086 1679 1216 1738 syncera
1229 1662 1408 1721 tractarent.

305 1758 368 1819 His
387 1758 586 1836 tergiuersari
606 1762 756 1836 poteram,
772 1761 808 1819 vt
829 1777 921 1818 nemo
943 1778 1008 1818 non
1030 1758 1212 1836 ingeniosus
1232 1761 1280 1819 est
1300 1756 1339 1818 ad
1360 1759 1462 1819 defen·

264 1857 385 1918 donem
394 1858 463 1931 sui;
477 1857 540 1917 nisi
549 1857 633 1934 quod
647 1876 712 1916 non
725 1855 803 1917 libet
816 1877 835 1917 a
847 1859 915 1917 tam
928 1857 1044 1917 eximio
1057 1856 1124 1917 viro
1140 1855 1317 1916 dissentire.
1352 1856 1462 1933 Itaque

264 1954 407 2031 proxima
418 1955 574 2016 seditione
587 1954 673 2015 locus
686 1954 715 2015 ie
728 1953 911 2015 mutabitur.
956 1954 1017 2015 Fac
1037 1974 1090 2014 me
1107 1952 1159 2014 illi
1174 1972 1270 2031 quam
1290 1952 1463 2032 diligentis-

263 2053 344 2112 sime
353 2054 553 2114 commendes
566 2074 574 2126 ;
596 2072 671 2112 nam
685 2051 808 2111 homini
822 2052 913 2129 cupio
925 2052 1055 2130 propius
1068 2071 1136 2111 esse
1149 2054 1252 2113 notus.
1297 2054 1328 2113 A
1338 2054 1370 2111 te
1380 2052 1462 2112 nihil
1477 2073 1508 2121 35

265 2170 334 2209 meo
344 2150 473 2212 nomine
486 2154 559 2229 peto
573 2152 731 2227 praeterea
742 2151 805 2210 nisi
815 2153 851 2210 vt
861 2170 973 2227 pergas
983 2150 1032 2211 tui
1042 2149 1156 2210 similis
1169 2168 1247 2209 esse.
1282 2149 1369 2210 Bene
1383 2150 1462 2210 vale.

305 2248 456 2327 Philippo
471 2249 600 2324 Montio,
612 2250 756 2311 omnium
770 2269 849 2327 quos
863 2250 898 2309 in
912 2249 980 2310 vita
992 2248 1127 2309 viderim
1141 2247 1372 2324 candidissimo,
1389 2266 1462 2309 cum

265 2347 413 2409 vxoreula
441 2349 520 2409 meis
548 2348 653 2409 verbis
675 2348 812 2408 salutem
833 2349 925 2410 dices.
969 2346 1245 2409 Reuerendissimo
1272 2346 1357 2407 dices
1386 2366 1463 2424 quae

264 2462 427 2524 nunquam
442 2466 507 2507 non
521 2446 607 2508 dicis.
649 2446 782 2507 Louanii
797 2442 962 2527 [1.1›.x1x].

548 2617 621 2682 812.
666 2618 715 2681 To
737 2616 884 2682 Gnaeus
906 2616 1181 2681 Gmnnunsusa

303 2732 425 2805 l'srrsgo
438 2752 465 2804 p.
478 2749 538 2803 322.
1229 2733 1364 2790 Iounin

303 2820 332 2875 Ρ.
345 2838 373 2891 p.
387 2823 456 2887 428:
476 2821 547 2877 HN:
567 2822 696 2878 Londx.
710 2838 759 2893 25:
779 2823 909 2894 LB.153.
1173 2835 1204 2889 17
1217 2820 1299 2892 april
1313 2820 1429 2895 (1518).

302 2925 365 2989 [For
377 2927 425 2975 the
436 2926 552 2976 dutesee
563 2927 612 2990 Ep.
621 2929 669 2975 811
683 2927 784 2978 introd.
818 2928 876 2977 The
887 2929 982 2977 bearer
992 2940 1047 2976 was
1057 2926 1130 2975 John
1141 2925 1234 2975 Smitlr
1247 2924 1308 2989 (Ep.
1319 2928 1378 2988 ⁸37·
1388 2925 1441 2991 4).]

284 3056 444 3105 GEBARDO
466 3058 680 3124 NOVIOMAGO,
701 3058 945 3108 REVERENDISS.
970 3057 1004 3106 D.
1027 3056 1271 3105 raslucrsrlssa
1293 3058 1316 3103 Α
1338 3057 1464 3121 sauma,

602 3162 756 3210 ERASMVS
778 3162 1030 3211 Romonauvs
1053 3161 1080 3209 S.
1094 3161 1127 3209 Ρ.

308 3283 392 3357 ern
411 3282 470 3342 tibi
488 3284 648 3361 imprecer,
667 3285 713 3345 mi
733 3286 878 3360 (letarde,
899 3285 1032 3361 dignum
1052 3284 1122 3343 istis
1140 3283 1205 3342 tuis
1224 3281 1339 3341 isatis?
1358 3301 1466 3359 precor

268 3385 302 3439 vt
320 3380 410 3441 breui
430 3400 545 3460 magno
562 3383 668 3459 aliquo
689 3383 861 3444 sacerdotio
884 3382 1030 3442 onereris
1075 3381 1215 3451 Dixeras,
1229 3382 1262 3439 at
1284 3398 1348 3440 non
1369 3378 1463 3452 solus,

269 3477 577 3540 Reuerendissimum
599 3480 764 3540 dominum
786 3500 850 3540 non
870 3484 943 3540 ante
965 3482 1114 3556 quartum
1135 3482 1189 3538 aut
1211 3477 1359 3555 quintum
1380 3477 1465 3538 diem

267 3576 444 3638 abiturum:
464 3597 522 3655 ego
529 3577 619 3638 iuxta
628 3578 792 3655 vulgarem
801 3597 922 3638 morem
933 3596 1006 3637 eum
1019 3595 1186 3636 numerum
1197 3575 1463 3651 conduplicabam,

267 3674 452 3734 existimans
473 3678 545 3736 ante
569 3679 715 3735 octauum
737 3676 820 3735 diem
840 3695 904 3736 non
924 3677 1124 3736 mutaturum
1144 3674 1258 3747 locum,
1281 3675 1313 3732 et
1332 3675 1399 3733 erat
1414 3672 1494 3745 hias,

268 3772 350 3848 quod
364 3792 498 3849 agerem.
539 3773 693 3834 Videbam
710 3774 985 3834 Reuereudissimo
1005 3794 1070 3835 non
1088 3792 1197 3833 vacare
1215 3775 1287 3832 tum
1305 3772 1464 3848 temporis,

268 3870 499 3946 praesagiebam
520 3891 577 3932 voe
597 3892 666 3933 sero
686 3891 864 3949 pransuros,
882 3877 913 3932 et
932 3872 1014 3931 mihi
1036 3872 1100 3931 ism
1119 3870 1301 3931 stomachus
1322 3870 1464 3930 latrabat.

269 3968 408 4027 Proinde
421 3968 557 4029 subduxi
571 3990 632 4045 me,
647 3972 782 4030 testatus
800 3971 883 4047 apud
902 3975 934 4031 te
951 3971 1039 4030 domi
1057 3970 1294 4045 expectaturum
1314 3987 1350 4027 eo
1365 3967 1424 4043 die,
1440 3967 1469 4027 si

270 4066 345 4142 quid
365 4066 495 4127 iuberet.
540 4067 630 4127 Nihil
651 4068 876 4129 denunciatum
896 4072 952 4129 est
999 4067 1156 4128 Postridie
1176 4085 1268 4127 mane
1290 4070 1469 4126 transcurro

269 4163 454 4238 Louanium,
487 4167 569 4243 quod
599 4161 767 4227 arbitrarer
793 4166 877 4227 haud
905 4167 1045 4226 multum
1074 4166 1222 4225 interesse
1249 4164 1301 4223 hic
1329 4182 1370 4223 an
1398 4163 1469 4224 istic
1485 4185 1515 4220 ιο

268 4281 400 4339 agerem,
417 4263 500 4340 quod
513 4263 552 4324 ad
567 4264 818 4324 conueniendum
832 4263 1141 4324 Reuerendissimum
1152 4263 1274 4323 attinet
1312 4259 1470 4337 Relinquo

270 4361 357 4420 domi
376 4361 558 4437 epistolium
576 4382 638 4439 quo
658 4364 792 4422 testatus
810 4381 882 4422 sum
901 4381 952 4421 me
974 4363 1013 4421 ad
1036 4380 1164 4421 omnem
1187 4363 1303 4420 nutum
1325 4362 1469 4435 paratum

270 4460 344 4517 fore.
396 4458 499 4520 Hodie
528 4461 755 4537 propemodum
786 4459 984 4520 decreueram
1017 4478 1183 4532 recurrere,
1215 4459 1248 4516 et
1281 4475 1350 4516 ecoe
1378 4455 1470 4515 Palu·

301 4599 359 4646 811.
376 4612 416 4659 ³7·
433 4602 471 4648 E:
490 4597 705 4647 Montioioscne.
796 4612 837 4659 aa
855 4597 1086 4646 Lousniiu.n.xrx
1098 4600 1154 4644 add.
1167 4599 1200 4643 H.
1283 4594 1470 4654 812.3.1eue-

268 4662 462 4713 rendissimum
480 4663 622 4713 dominum
634 4669 674 4713 E:
690 4664 720 4713 B.
733 4663 883 4726 praesulem
900 4666 1025 4711 nostrum
1036 4666 1065 4711 F.
1147 4663 1172 4710 6.
1189 4660 1419 4709 reuerendissimo
1429 4662 1471 4707 E:

268 4730 476 4790 ‹mupatissimo
487 4731 607 4792 principi
619 4735 646 4779 F.
749 4744 787 4777 11.
804 4727 1066 4778 reuerendissimum
1078 4730 1100 4775 Ε
1114 4744 1119 4775 :
1137 4726 1289 4790 praesulem
1301 4728 1329 4774 F.

303 4881 361 4927 811.
375 4895 415 4941 23.
432 4878 550 4943 summo]
570 4879 609 4927 Cf.
629 4878 681 4927 Cic.
698 4883 760 4928 Vm.
780 4894 802 4925 a.
821 4894 843 4938 5.
928 4893 969 4938 37.
989 4876 1103 4940 Montio]
1117 4875 1156 4925 Cf.
1169 4875 1219 4937 Ep.
1233 4890 1289 4937 727.
1306 4889 1345 4923 11.

270 4963 292 4995 2.
305 4963 328 5005 4.
928 4945 986 4993 812.
999 4960 1021 5004 7.
1034 4941 1164 5006 latrabat]
1176 4941 1217 4990 cf.
1232 4941 1298 4990 lior.
1309 4945 1334 4989 s.
1347 4954 1370 4986 a.
1385 4955 1410 4990 2.
1425 4942 1462 4989 18.

303 5026 343 5072 29.
364 5010 472 5074 Paulus]
486 5010 556 5058 Phil.
569 5025 592 5058 a.
605 5024 645 5058 21.
