3867 6034
483 681 545 741 422
828 682 1021 744 LE'I'I'ERS
1048 682 1103 745 OF
1128 682 1332 745 ERASMUS
1588 679 1685 763 [1518

481 835 637 897 Pucoium
656 834 888 913 scripseramus.
930 837 1069 897 litterae
1092 841 1164 896 tuas
1186 836 1300 913 accepi.
1343 836 1391 895 De
1409 834 1501 896 libris
1521 836 1687 897 silentium

455 901 531 995 ⁵eet
547 934 629 1011 apud
648 933 857 1008 Franciscum,
873 934 964 994 cuius
980 934 1112 995 arbitrio
1130 934 1213 995 male
1232 934 1421 995 commisisti
1439 935 1682 1007 estimationem,

483 1037 516 1094 et
528 1050 643 1109 paucos
653 1032 768 1092 Grecos
777 1033 891 1093 emisti
935 1032 1243 1110 Opinorteindicem
1251 1052 1360 1092 eorum
1370 1052 1449 1109 quoe
1457 1034 1522 1092 emi
1532 1033 1687 1093 iusseram

484 1130 664 1209 perdidisse.
701 1130 920 1207 syngrapham
929 1149 1025 1208 quam
1036 1130 1179 1193 Arnoldo
1193 1130 1282 1190 reddi
1292 1130 1444 1191 iusseram
1454 1131 1611 1193 remittis:
1632 1132 1687 1192 ob

484 1231 572 1303 litus,
588 1229 706 1304 opinor,
724 1229 800 1305 quid
815 1230 1023 1290 mandassem.
1068 1229 1118 1290 Sic
1130 1233 1251 1307 prestas
1263 1230 1400 1288 amicum
1414 1233 1446 1289 et
1460 1232 1665 1307 compatrem.

526 1328 562 1387 Si
582 1328 656 1403 quid
673 1326 753 1387 velis
774 1326 843 1387 fieri
862 1328 902 1387 de
922 1326 1029 1401 lexico,
1046 1344 1121 1386 cura
1139 1325 1322 1386 transscribi
1339 1347 1400 1404 que
1417 1331 1492 1387 sunt
1508 1327 1615 1387 addita
1630 1348 1690 1407 per

486 1428 653 1499 Cononem,
669 1426 781 1501 opinor
795 1426 829 1483 in
843 1425 955 1485 Lexioo
970 1426 1067 1486 veteri
1080 1425 1248 1485 Brunonis.
1290 1425 1411 1485 Deinde
1425 1426 1516 1485 mitte
1533 1426 1689 1487 Leuicum

485 1525 637 1602 scriptum
651 1542 764 1583 vocum
778 1524 1013 1596 rhetoricarum,
1026 1524 1104 1583 item
1117 1522 1267 1583 Lexicum
1281 1542 1319 1583 ex
1333 1524 1538 1601 impressione
1552 1525 1691 1586 Ferrari-

486 1642 555 1683 ens1
568 1622 729 1696 hiazochii,
743 1624 825 1698 quod
839 1622 892 1682 hic
913 1641 1071 1699 nusquam
1090 1623 1252 1699 reperitur.
1295 1623 1487 1683 Adnitemur
1505 1642 1562 1699 pro
1578 1628 1688 1684 nostra

486 1722 574 1782 virili
587 1722 622 1779 in
636 1740 703 1779 rem
718 1726 812 1780 tuam
856 1720 904 1780 Tu
918 1723 991 1780 vide
1005 1724 1041 1781 vt
1053 1740 1110 1797 pro
1129 1726 1185 1781 tua
1201 1739 1324 1798 quoque
1342 1721 1484 1797 portione
1505 1722 1686 1782 connitaris.

447 1884 456 1920 ι
487 1821 584 1880 Fama
597 1818 656 1877 tibi
667 1822 757 1895 parta
769 1823 825 1892 est,
841 1837 879 1877 ea
890 1819 1005 1896 poterit
1019 1819 1078 1877 tibi
1091 1837 1206 1904 magno
1219 1818 1433 1879 emolumento
1447 1838 1526 1893 ease,
1536 1819 1565 1879 si
1578 1839 1689 1881 curam

460 1885 527 1978 ⁵de
546 1924 602 1978 tuo
623 1917 812 1977 adhibueris.
856 1918 917 1978 Sed
937 1917 1019 1977 mihi
1039 1934 1104 1977 non
1125 1918 1226 1993 placet
1246 1917 1333 1977 domi
1353 1921 1425 1978 tuae
1446 1937 1580 1996 regnum
1601 1921 1691 1979 istud

488 2018 653 2079 muliebre.
695 2016 778 2091 Quid
799 2016 943 2076 mothoni
962 2018 1035 2075 eum
1056 2018 1169 2075 remo?
1218 2016 1265 2076 De
1285 2015 1518 2077 Parisiensibus
1538 2017 1621 2078 nihil
1641 2023 1693 2079 est

489 2116 630 2194 periculi,
654 2116 683 2175 si
706 2126 743 2175 tu
766 2116 812 2173 sis
834 2115 938 2175 homo.
981 2114 1097 2190 Accipe
1120 2134 1187 2174 rem
1215 2114 1312 2174 letam
1336 2119 1367 2175 θῖ
1395 2134 1471 2192 para
1493 2116 1689 2193 euangelion.

460 2237 463 2243 ·
489 2214 665 2277 uauihone
678 2216 753 2273 tuus
766 2214 906 2273 dissutus
916 2212 1031 2289 Brugis
1045 2221 1094 2272 est
1107 2213 1265 2288 Minorita,
1275 2213 1387 2290 ingens
1397 2213 1555 2274 Ecclesiae
1566 2215 1691 2275 lumen.

449 2374 479 2411 ω
490 2314 598 2373 Scribe
611 2312 649 2371 ad
663 2311 758 2385 huuc,
773 2312 802 2371 si
816 2311 891 2389 quid
904 2315 953 2371 est
965 2310 1050 2388 quod
1062 2312 1151 2371 velia.

533 2412 602 2471 Hac
615 2411 759 2470 molestia
771 2415 803 2470 et
817 2411 875 2469 hoc
889 2417 1018 2486 sumptu
1033 2410 1194 2494 nihilerat
1207 2429 1294 2487 opus,
1309 2410 1385 2469 situ
1403 2430 1480 2488 opus
1499 2412 1533 2471 in
1553 2415 1695 2491 tempore

491 2512 604 2570 luisses
630 2528 802 2587 aggressus
844 2508 941 2569 Breui
967 2508 1095 2568 mittam
1123 2508 1252 2585 reliqua,
1282 2508 1342 2567 hoc
1369 2514 1418 2569 est
1445 2510 1633 2586 prefationes
1660 2514 1694 2571 et

492 2596 687 2686 appendices
730 2606 792 2665 Hic
813 2606 937 2666 iuuenis
956 2607 1059 2666 dextri
1072 2607 1198 2666 videtur
1218 2606 1339 2683 ingenii
1356 2610 1389 2666 et
1405 2608 1567 2686 utriusque
1584 2608 1696 2685 lingue

445 2723 448 2728 ’
492 2707 570 2767 satis
589 2706 729 2782 peritus:
748 2708 907 2781 postremo
925 2704 1108 2764 Hollandus
1122 2709 1178 2765 est.
1222 2704 1291 2766 Hac
1310 2724 1365 2783 spe
1383 2707 1471 2766 venit
1489 2706 1528 2766 ad
1545 2709 1586 2781 te,
1603 2710 1641 2766 vt
1659 2706 1695 2766 in

451 2865 463 2900 ²
493 2815 549 2868 tua
561 2806 685 2866 officina
698 2805 802 2865 locum
816 2804 931 2864 habeat
943 2820 1017 2864 cum
1030 2823 1128 2881 aequo
1141 2805 1263 2865 salario.
1304 2805 1427 2867 Sentiat
1445 2806 1564 2886 aliquid
1577 2807 1696 2867 fauoris

466 2866 481 2916 ⁵
493 2912 526 2968 et
539 2926 578 2965 ex
591 2923 661 2965 mea
674 2903 951 2964 commendatione.
997 2902 1184 2979 Quanquam
1197 2905 1280 2981 quod
1294 2906 1363 2981 feci,
1379 2909 1434 2966 tuo
1449 2913 1558 2984 rogatu
1576 2905 1647 2966 feci.

534 3007 657 3066 Iterum
678 3008 771 3079 atque
792 3003 908 3061 iterum
924 3009 957 3061 te
970 3020 1027 3078 pro
1043 3007 1151 3062 nostra
1167 3002 1308 3063 amicicia
1326 3003 1477 3065 admoneo
1493 3024 1532 3064 ne
1549 3004 1695 3082 negligas

495 3108 613 3168 famam
646 3104 784 3164 officinae
815 3107 869 3161 tue
900 3108 1022 3179 partam
1041 3105 1084 3186 et
1115 3103 1275 3163 abstineas
1302 3123 1322 3164 a
1347 3105 1486 3166 consiliis
1519 3106 1693 3165 asinorum.

494 3205 650 3266 Ausculta
662 3204 760 3264 Beato
774 3203 828 3281 qui
842 3202 928 3262 solua
940 3202 1031 3278 sapit.
1075 3202 1156 3262 Dedi
1169 3203 1317 3263 hienardo
1330 3204 1405 3264 huic
1416 3207 1549 3281 quatuor
1558 3204 1695 3265 florenos

495 3322 606 3366 aureos
629 3306 661 3363 et
683 3320 785 3362 vnum
809 3303 963 3376 francum,
988 3320 1067 3377 quos
1090 3301 1214 3361 iubebis
1236 3320 1288 3361 me
1311 3320 1331 3361 a
1357 3302 1522 3364 Franciaco
1549 3303 1693 3380 recipere.

494 3408 579 3467 Nam
601 3425 658 3482 ego
681 3404 760 3463 satia
781 3404 832 3480 egi
855 3420 927 3461 meo
950 3404 1081 3477 sumptu
1103 3420 1234 3478 meoque
1252 3402 1401 3478 periculo,
1419 3401 1501 3461 sicut
1520 3421 1559 3462 ex
1579 3400 1697 3462 litteris

495 3506 535 3567 ad
553 3504 687 3563 Beatum
708 3501 788 3561 meis
807 3517 982 3577 cognosces.
1023 3498 1109 3572 Vale,
1129 3502 1289 3575 compater
1303 3485 1492 3574 charissime,
1514 3518 1586 3558 oum
1607 3518 1697 3559 vxor·

497 3608 567 3672 cula
579 3627 615 3667 ae
629 3603 693 3664 tuis
705 3599 854 3661 omnibus
867 3593 1055 3678 [omnibus]

445 1392 474 1427 10

452 3357 483 3405 30

539 3703 681 3769 Louanii.
696 3701 738 3760 xi.
753 3699 817 3759 cu.
834 3696 989 3757 Nouemb.

454 3843 484 3891 35
540 3805 582 3866 M.
597 3799 711 3864 Ioanni
723 3796 890 3870 Frobeuio,
903 3794 1096 3872 typographo
1108 3793 1319 3855 celeberrimo.
1362 3791 1494 3855 Bmiloe.

531 3946 556 3993 5.
573 3930 702 3979 Puceium
712 3927 740 3980 β.
864 3924 889 3972 8.
906 3923 1032 3970 remittas
1042 3921 1070 3974 β.
1199 3931 1236 3966 ιι.
1256 3917 1431 3966 Conononem
1443 3919 1487 3970 ιβ.
1577 3917 1659 3963 ιιιίῖῖο
1670 3921 1697 3968 β.

501 4013 540 4049 ra.
558 3992 726 4046 Farrariensi
735 3992 761 4044 β.
853 4002 890 4049 re
908 3989 959 4041 oli:
977 3988 991 4035 l
1008 3983 1156 4035 caumator
1166 3986 1231 4032 tuus
1241 3982 1375 4031 Dissutus.
1463 3997 1503 4031 οι.
1523 3982 1581 4031 Hae
1592 4017 1599 4031 .
1612 4016 1638 4032 ..
1653 3995 1695 4041 35.

500 4063 606 4114 Basilee
617 4076 662 4111 ors.
674 4062 692 4113 θ
705 4061 759 4119 (31.
776 4054 893 4117 periculi
901 4055 939 4116 a).

530 4188 556 4235 5,
574 4172 768 4234 ,cripseramua
792 4162 839 4224 Ep.
852 4161 910 4209 860.
1126 4156 1194 4218 Epp.
1205 4156 1283 4217 Bona
1293 4156 1369 4204 show
1380 4156 1441 4204 that
1458 4156 1503 4204 hia
1516 4158 1628 4219 support
1641 4170 1698 4203 was

531 4241 557 4290 6.
575 4230 762 4294 Franoiaeum]
798 4226 934 4275 erehman.
1125 4221 1243 4270 oounted
1263 4236 1298 4269 ou
1316 4227 1344 4269 at
1361 4221 1449 4271 Basle.

565 4295 780 4358 estimationem]
791 4294 831 4343 ct.
843 4293 891 4355 Ep.
903 4294 962 4353 ⁶⁹9·
972 4304 990 4352 5
1000 4304 1026 4338 n.
1161 4301 1198 4347 η.
1215 4286 1360 4350 muliebre]
1368 4286 1488 4349 Perhaps
1494 4286 1630 4337 Gertrude
1638 4286 1701 4334 Fre

532 4371 558 4420 8.
574 4364 711 4427 Arnoldo]
722 4359 885 4411 Berokman.
1128 4353 1189 4413 bon,
1209 4352 1312 4416 having
1329 4368 1345 4402 a
1363 4353 1441 4401 share
1459 4354 1491 4401 in
1510 4353 1557 4401 the
1578 4353 1702 4401 business

536 4451 574 4486 ιι.
592 4426 742 4491 Cononem]
754 4427 803 4474 See
815 4424 864 4485 Ep.
873 4423 931 4483 318.
946 4435 1010 4483 1911.
1127 4417 1172 4481 (cl.
1194 4418 1242 4479 Ep.
1264 4433 1322 4479 419.
1344 4419 1375 4466 18
1391 4419 1442 4481 n.),
1464 4432 1519 4467 was
1535 4419 1633 4481 urging
1653 4418 1703 4466 her

567 4493 718 4559 Brunonis]
731 4489 892 4542 amorbach.
1127 4483 1253 4532 husband
1267 4491 1296 4533 to
1309 4497 1382 4532 more
1397 4483 1516 4546 prudent
1531 4484 1621 4546 policy
1632 4484 1701 4533 than

536 4582 575 4617 ra.
592 4557 771 4623 Ferrarienai]
784 4553 1076 4615 Dateda7Sept.1510.
1127 4548 1254 4598 Erasmus
1264 4548 1379 4599 wished.

538 4648 576 4696 13.
593 4625 738 4689 Mazoobii]
748 4624 792 4672 lo.
803 4620 996 4670 llaeiochuaoi
1006 4618 1077 4666 Bon·
1192 4614 1264 4676 Quid
1275 4614 1412 4678 mothoni]
1424 4616 1464 4664 Gi.
1476 4620 1558 4675 Adeo.
1570 4628 1645 4677 2155.
1703 4671 1706 4675 ι

502 4703 573 4752 deno
585 4700 707 4748 between
719 4687 870 4740 hlirandola
884 4686 939 4734 and
954 4684 1075 4733 Ferrara
1194 4680 1403 4745 Pariaiensibua]
1418 4681 1458 4731 (il.
1473 4682 1522 4744 Ep.
1534 4684 1591 4731 802.
1606 4695 1678 4740 12-4.

504 4767 547 4817 He
579 4761 672 4812 rinted
683 4764 711 4808 at
726 4755 837 4806 Ferrara
851 4764 971 4814 1509-17,
985 4764 1038 4798 one
1049 4749 1080 4797 oi
1163 4760 1201 4808 19.
1220 4746 1444 4810 Gauillotus]'l'he
1456 4761 1537 4796 name
1548 4746 1705 4797 (laueliatua

503 4833 548 4883 his
559 4780 640 4879 books
649 4827 732 4886 being
747 4836 763 4870 a
776 4820 881 4882 reprint
899 4818 930 4866 of
942 4815 1077 4865 murus*
1129 4813 1153 4861 ia
1164 4811 1249 4860 found
1260 4815 1290 4861 in
1302 4813 1469 4862 Renouard's
1479 4817 1581 4864 Badias.

504 4902 651 4957 amman
679 4892 803 4945 σὴίιιθαθι,
828 4897 858 4945 15
885 4882 980 4932 llareh
1004 4894 1076 4942 ¹514·
1194 4877 1326 4942 dissutus]
1343 4879 1463 4941 Perhaps
1476 4879 1510 4929 el.
1521 4878 1569 4942 Ep.
1580 4879 1637 4940 827.
1652 4890 1704 4938 ιιι.

539 4977 576 5023 14.
593 4960 633 5007 'Pu
651 4955 727 5018 vide]
751 4953 802 5001 For
824 4947 928 4997 simila
951 4946 1078 4996 atablish·
1161 4944 1202 4991 aa.
1219 4944 1368 5008 asinorum]
1381 4943 1422 4994 Gi.
1434 4944 1483 5008 Ep.
1496 4958 1551 5006 705·
1562 4946 1588 4993 6.

504 5012 1077 5080 ιιιθιιῖοιΕτοῖθιιῖγΕιιθιιιιιθιθθΕρ.795.
1162 5023 1202 5073 3²·
1219 5008 1254 5057 ad
1265 5009 1393 5073 Beatum]
1405 5010 1454 5072 Ep.
1466 5012 1524 5071 867.
