3867 6034
822 716 1012 779 LETTERS
1039 716 1093 777 OF
1119 715 1319 779 ERASMUS
1574 713 1672 797 [1518

791 912 866 975 800.
911 909 960 975 To
984 910 1081 974 Phua
1102 910 1312 974 Bousssrus.

507 1045 650 1101 Derenter
661 1044 719 1100 MS.
732 1060 777 1116 91,
788 1045 808 1100 f.
820 1060 852 1114 91
867 1048 904 1099 νο.
1445 1044 1579 1101 Iourain.

508 1132 564 1186 ΕΒ.
578 1133 651 1202 App.
664 1147 724 1203 275·
1395 1146 1427 1199 14
1441 1132 1539 1188 March
1556 1136 1632 1204 1518.

547 1253 693 1319 [Probably
704 1253 859 1315 answsring
869 1267 886 1301 a
897 1252 979 1302 letter
990 1254 1195 1315 contemporary
1205 1252 1276 1301 with
1287 1252 1334 1314 Ep.
1348 1266 1413 1315 7293
1431 1267 1475 1302 aee
1485 1268 1512 1316 p.
1527 1252 1597 1316 155.]

806 1416 961 1466 ERASMVS
984 1417 1154 1465 BOMBASIO
1177 1416 1239 1466 SVO
1262 1417 1288 1466 S.
1305 1417 1337 1465 D.

513 1541 623 1601 Pnssn
633 1539 715 1601 mihi
723 1540 812 1601 visus
825 1559 896 1601 snm
907 1538 1092 1599 reuiuiscere
1103 1538 1167 1599 tuis
1176 1537 1292 1598 litteris
1304 1540 1447 1615 acceptis,
1457 1540 1669 1603 eruditissime

471 1638 632 1713 Bombasi,
646 1637 742 1699 simul
756 1642 849 1716 atque
862 1656 993 1699 manum
1008 1636 1099 1697 illam
1111 1636 1193 1697 milri
1206 1636 1425 1697 charissimam
1439 1639 1563 1715 agnoui.
1607 1640 1669 1700 Sed

471 1736 546 1814 quid
566 1756 622 1814 ego
643 1736 763 1797 audio?
803 1735 867 1797 Pro
886 1736 988 1813 legato
1008 1734 1125 1796 videris
1144 1733 1204 1794 tibi
1222 1733 1398 1810 relegatus!
1440 1733 1501 1795 Sed
1521 1735 1668 1812 Vlyssam

469 1835 519 1894 τὸν
537 1836 717 1911 πολύτροπον
735 1851 811 1911 agas
829 1834 958 1910 oportet,
975 1831 1030 1909 qui
1048 1830 1100 1893 vel
1117 1831 1201 1891 inter
1218 1831 1357 1891 Phescas
1375 1835 1406 1891 et
1427 1832 1580 1909 Cyclopas
1600 1854 1669 1912 per·

443 1948 582 1999 ssonam
596 1931 726 2009 pulchre
744 1930 988 2009 attemperauit;
1008 1933 1135 1990 tantum
1151 1949 1191 1989 ne
1206 1930 1241 1989 in
1258 1929 1468 2006 Calypsonem
1486 1933 1541 1990 aut
1556 1929 1668 1993 Circen

470 2028 601 2104 incidas,
616 2032 670 2089 aut
691 2048 731 2088 ne
751 2028 811 2089 tibi
833 2047 905 2089 cum
926 2028 980 2090 Iro
1001 2047 1051 2089 res
1071 2027 1113 2088 sit
1132 2046 1275 2105 requam.
1329 2026 1477 2104 Frigebat
1498 2027 1575 2089 olim
1597 2030 1668 2090 Tre

470 2127 575 2188 batius
594 2126 676 2203 apud
699 2126 870 2187 Britannos
884 2149 891 2201 ;
911 2130 944 2188 at
968 2129 1087 2205 quanto
1103 2129 1140 2187 tu
1157 2124 1277 2186 felicior
1290 2126 1340 2186 cui
1354 2128 1455 2186 totam
1470 2126 1619 2202 hyemem
1632 2128 1667 2188 in

471 2224 691 2285 Heluetiorum
711 2224 856 2286 asinariis
875 2223 987 2285 sudare
1007 2224 1137 2285 licuerit
1182 2223 1346 2285 Postremo
1359 2222 1542 2285 memineris
1560 2224 1667 2299 velim,

470 2322 649 2384 istiusmodi
684 2322 856 2401 legationes
890 2343 967 2400 quae
1002 2322 1063 2383 tibi
1095 2320 1304 2400 deplorandae
1338 2321 1495 2397 videntur,
1530 2322 1667 2401 gignunt

428 2421 637 2498 coepiscopos,
657 2420 794 2500 gignunt
815 2420 996 2482 cardinales
1048 2419 1130 2495 Quid
1151 2421 1179 2481 si
1198 2419 1324 2480 videam
1345 2418 1421 2479 olim
1442 2438 1549 2480 meum
1570 2420 1665 2482 Bom-

470 2517 592 2580 basium
630 2519 726 2580 mitra
763 2519 883 2579 bicorni
917 2519 1058 2597 pedoque
1091 2518 1250 2597 insignem
1284 2521 1340 2578 aut
1372 2536 1527 2595 purpureo
1561 2520 1668 2595 galero

470 2615 702 2677 reuerendum‘?
742 2617 841 2695 Saepe
857 2616 911 2677 sed
925 2616 1043 2678 frustm
1058 2614 1241 2696 deplora(11i)
1254 2615 1335 2675 mihi
1353 2615 1494 2676 relictam
1509 2616 1644 2678 Romam
1659 2641 1666 2691 ;

470 2733 526 2774 nec
544 2714 630 2775 aliud
648 2717 697 2775 est
709 2735 770 2793 quo
785 2735 837 2775 me
852 2716 993 2776 consoler
1007 2715 1070 2776 nisi
1082 2720 1121 2794 τῷ
1135 2714 1221 2775 Fatis
1235 2714 1365 2791 agimur.
1411 2712 1503 2773 Nunc
1524 2713 1665 2776 relictam

469 2813 607 2888 repetere
625 2812 743 2890 partim
760 2813 858 2890 pudet
876 2812 916 2872 ob
935 2813 1093 2888 caniciem,
1109 2812 1225 2889 partim
1244 2812 1426 2871 dehortatur
1445 2811 1667 2888 ingrauescens

428 2934 457 2985 15
469 2912 563 2969 setes.
606 2908 694 2969 Nihil
708 2913 815 2970 autem
830 2906 938 2990 [mihi]
952 2910 986 2969 in
1000 2910 1075 2970 fatis
1093 2909 1173 2969 meis
1192 2908 1271 2969 mihi
1290 2907 1417 2969 videtur
1437 2907 1666 2972 intolerabilius

468 3027 563 3084 quam
577 3007 789 3085 sycophantas
808 3008 887 3069 istos
907 3008 1059 3085 quosdam
1076 3006 1239 3084 theologos
1252 3006 1379 3084 perpeti,
1396 3006 1449 3084 qui
1463 3009 1590 3067 tantum
1603 3009 1665 3069 sibi

467 3108 613 3182 arrogant
627 3107 662 3165 vt
677 3105 830 3166 damnent
844 3106 928 3184 quod
941 3124 1104 3183 nunquam
1118 3104 1261 3182 legerint.
1293 3104 1335 3165 Et
1342 3106 1448 3164 tamen
1463 3104 1515 3165 his
1528 3105 1665 3165 maxime

468 3201 662 3264 desudarunt
680 3204 744 3264 mei
761 3204 892 3279 labores,
908 3204 937 3264 si
956 3222 1139 3281 cognoscere
1153 3222 1246 3281 quam
1264 3206 1454 3277 συκοφαντεῖν
1467 3201 1662 3263 maluissent.

467 3299 519 3361 Ab
539 3300 590 3362 his
608 3301 717 3378 opinor
735 3302 923 3380 instigatum
941 3301 1088 3377 Fabrum,
1104 3301 1157 3362 sed
1175 3300 1263 3360 illius
1283 3319 1397 3377 magno
1415 3299 1550 3374 malosi
1570 3301 1664 3360 modo

426 3425 456 3460 ro
467 3396 584 3459 famam
598 3418 687 3460 suam
701 3399 827 3461 charam
840 3399 943 3461 habet

507 3495 649 3557 Sciebam
669 3497 839 3558 Ricardum
860 3498 997 3559 Paoeum
1016 3495 1179 3557 hominem
1196 3515 1263 3556 esse
1281 3494 1421 3554 moribus
1439 3493 1532 3572 plane
1550 3494 1661 3569 niueis,

465 3594 636 3671 integrum,
650 3594 795 3670 liberum,
807 3597 851 3656 sic
865 3585 1003 3657 amicum
1016 3595 1114 3655 amico
1125 3598 1161 3655 vt
1172 3613 1235 3653 non
1246 3592 1326 3652 alius
1335 3612 1439 3671 aeque,
1449 3595 1660 3673 robrlylomoc,

466 3692 618 3770 πολυμαθῆ
629 3715 637 3767 ;
651 3693 705 3753 sed
718 3698 826 3754 tamen
836 3695 971 3771 optarim
986 3692 1074 3753 illius
1087 3691 1215 3753 nomine
1228 3689 1371 3750 libellum
1385 3710 1457 3751 eum
1468 3692 1515 3752 De
1525 3691 1664 3752 utilitate

465 3789 642 3851 studiorum
661 3790 783 3852 editum
803 3812 867 3852 non
888 3791 991 3853 inisse.
1035 3789 1104 3852 Scio
1126 3789 1232 3849 doctos
1251 3807 1330 3866 quos
1350 3808 1413 3848 non
1434 3807 1548 3864 paucos
1567 3788 1663 3850 habet

423 3886 640 3967 25Britsnnia,
673 3887 766 3967 longe
800 3889 886 3949 aliud
918 3888 1038 3965 ingenii
1071 3886 1291 3963 doctrinaeque
1327 3885 1484 3963 specimen
1524 3885 1564 3946 ab
1606 3885 1663 3948 illo

464 3988 648 4062 expectasse.
689 3986 725 4047 si
747 3987 826 4048 serio
846 3986 982 4065 scripsit,
1003 3986 1077 4065 quid
1097 3985 1161 4047 illic
1182 3985 1328 4046 serium?
1351 3984 1400 4044 sin
1420 3983 1495 4057 ioco,
1518 3984 1596 4061 quid
1617 3983 1662 4044 ibi

464 4081 644 4143 festiuum?
674 4082 838 4145 Postremo
859 4083 938 4145 nihil
958 4083 1024 4144 illio
1044 4085 1168 4145 constat
1186 4085 1241 4143 aut
1263 4079 1387 4142 coheret
1407 4080 1476 4154 sibi,
1499 4081 1553 4142 sed
1574 4081 1662 4142 velut

463 4179 529 4259 egri
544 4180 667 4242 somnia
681 4184 738 4241 etc.
783 4182 904 4243 Deinde
920 4181 995 4259 quid
1015 4201 1094 4259 opus
1110 4183 1177 4242 erat
1193 4180 1360 4240 Erasmum
1381 4178 1474 4239 toties
1493 4179 1660 4254 traducere,

464 4299 550 4341 nunc
567 4282 604 4341 rt
621 4280 821 4355 esurientem,
838 4299 922 4340 nunc
935 4282 972 4340 rt
985 4278 1139 4355 theologis
1153 4277 1318 4337 inuisum?
1359 4274 1449 4336 Certe
1462 4296 1534 4337 cum
1550 4277 1663 4354 primis

419 4409 452 4460 30
465 4376 617 4455 theologis
641 4376 722 4437 mihi
749 4378 846 4453 probe
871 4375 1040 4449 conuenit;
1067 4379 1100 4436 et
1119 4374 1281 4436 famelicus
1300 4373 1356 4434 ille
1376 4373 1546 4450 quotannis
1566 4393 1662 4452 supra

463 4479 618 4537 trecentos
637 4475 766 4537 ducatos
785 4475 939 4553 possideo,
953 4477 1076 4553 praeter
1093 4494 1129 4535 ea
1146 4492 1225 4551 quae
1243 4492 1281 4532 ex
1295 4472 1511 4533 Moscenatum
1523 4471 1659 4533 liberali·

462 4576 528 4635 tate
547 4574 688 4653 meisque
707 4574 868 4635 laboribus
886 4572 1058 4635 accedunt:
1077 4571 1167 4651 plura
1185 4571 1350 4632 habiturus
1367 4571 1394 4631 si
1414 4569 1519 4645 libeat,
1534 4570 1661 4647 quiduis

628 4776 665 4811 ra.
684 4762 823 4826 deploraui
835 4764 892 4811 nn:
909 4761 1022 4824 deplora
1033 4764 1096 4822 MS,
1109 4764 1224 4819 adfinem
1234 4773 1330 4809 urraca:
1347 4758 1486 4823 tdeploro.

494 4939 517 4986 6.
537 4894 692 5002 Trebatius]
712 4938 752 4988 (lt.
772 4936 908 4988 cruram.
921 4952 944 4998 7.
959 4950 997 4986 ro.
1011 4951 1034 4985 a.
1121 4951 1160 4997 ap.
1179 4935 1321 4998 reintegri
1347 4935 1414 4985 Hor.
1425 4940 1457 4984 A.
1467 4939 1492 4986 P.
1506 4950 1527 4995 7.

496 5016 534 5066 13.
552 5002 639 5067 Fatis]
651 5004 693 5054 (li.
706 5002 756 5067 Ep.
770 5016 826 5064 794.
839 5003 880 5063 84.
1123 5004 1162 5052 ab.
1181 5001 1322 5051 traducere
1347 5001 1446 5063 cnsp.
1459 5003 1514 5062 776.
1528 5016 1541 5061 7
1555 5015 1583 5050 n.
