3867 6034
375 707 438 770 olo
723 701 913 764 armans
940 699 994 762 OF
1021 698 1221 761 Erasmus
1502 693 1597 779 [¹5¹⁹

377 861 564 923 bibliotheca
584 860 683 921 semel
704 858 744 920 ad
765 862 797 920 te
820 856 1046 936 commigrabit,
1069 858 1136 919 tota
1157 858 1230 917 tuae
1254 854 1338 916 fidei
1363 852 1598 916 oommittebu.

374 960 464 1021 'Bene
476 957 577 1020 valeat
591 960 646 1019 tua
659 956 794 1033 dileetio,
809 954 890 1017 mibi
904 956 997 1033 longe
1010 953 1200 1016 ohariaeima

418 1057 467 1117 Ex
481 1054 659 1117 Gemblaeo.
674 1074 723 1116 111.
741 1052 868 1115 calend.
882 1051 977 1113 Iunii

730 1250 804 1315 985.
848 1248 897 1314 To
918 1247 1075 1314 Jooocus
1096 1246 1216 1313 Jours.

415 1376 538 1447 Farrago
551 1394 578 1446 p.
594 1378 652 1432 118.
1378 1375 1541 1446 Antveru

415 1463 485 1534 Rp.
498 1477 565 1534 273:
583 1461 652 1517 HN:
670 1462 757 1519 bonci
770 1481 794 1517 v.
808 1474 858 1530 27:
876 1461 932 1518 bB.
944 1478 1006 1532 431.
1352 1476 1364 1517 1
1381 1462 1468 1519 June
1485 1476 1563 1533 15¹9

412 1600 490 1667 [Thia
500 1598 582 1649 letter
591 1600 615 1648 ia
626 1598 728 1662 oleariy
738 1599 768 1648 os
783 1598 831 1647 the
841 1612 915 1648 rame
925 1596 1019 1662 period
1030 1612 1060 1647 ar
1074 1597 1122 1661 Ep.
1134 1598 1181 1662 981
1193 1613 1200 1658 ;
1217 1598 1268 1647 but
1279 1612 1320 1648 an
1334 1600 1518 1663 interesting
1527 1598 1591 1661 light

381 1670 406 1717 ia
422 1666 532 1715 tbrorm
550 1680 586 1714 on
603 1665 651 1715 the
670 1666 877 1714 &mammaea
894 1664 925 1713 of
944 1664 982 1713 ite
998 1664 1183 1726 oompoeition,
1199 1663 1255 1713 and
1274 1678 1357 1715 rome
1376 1665 1473 1716 doubt
1492 1680 1530 1715 on
1549 1666 1589 1714 aa

381 1732 515 1796 preeiaion
532 1732 562 1780 of
576 1730 625 1780 the
641 1731 717 1779 datee
732 1728 864 1793 assigned,
875 1730 911 1791 by
925 1745 941 1778 a
963 1728 1043 1778 letter
1062 1728 1188 1779 esionae
1207 1732 1236 1779 to
1255 1730 1398 1779 Melchior
1417 1732 1453 1781 ol
1473 1731 1587 1791 hohen,

383 1811 416 1860 ⁹9
433 1796 525 1846 Marah
545 1809 608 1857 15²0
624 1794 683 1859 (JE.
702 1796 764 1858 36):
784 1794 926 1843 ‘Eraumua
940 1792 989 1843 ille
1006 1794 1147 1844 literarum
1163 1808 1212 1843 rex
1222 1796 1448 1857 potentissimus
1460 1811 1529 1860 opus
1539 1797 1586 1844 iam

384 1862 472 1912 edidit
482 1876 609 1924 magnum
623 1860 804 1923 epistolarum,
816 1861 861 1909 eui
872 1861 988 1909 titulum
1005 1860 1069 1909 feeit
1086 1859 1235 1923 Fan-agini.
1269 1860 1316 1909 Ibi
1328 1861 1488 1924 pleraeque
1498 1863 1587 1925 epm>

383 1929 423 1977 lae
439 1926 474 1976 ad
485 1926 672 1976 Frideriohum
682 1929 770 1988 tuum,
778 1926 892 1988 ideoque
903 1926 954 1974 tibi
961 1926 1159 1987 charissimum,
1166 1925 1202 1974 ad
1211 1925 1312 1988 Regem
1325 1927 1454 1990 Angliao
1464 1928 1585 1984 inseruit,

382 1995 410 2042 et
421 1995 481 2055 poet
492 1993 574 2054 legati
586 1991 775 2040 Heluetiorum
785 1991 932 2054 epiatolam.
967 1991 1095 2052 Sequitur
1106 2005 1160 2039 vna
1170 1990 1275 2054 prolixa
1286 1990 1325 2039 ad
1338 2006 1394 2053 me,
1412 1994 1447 2042 in
1459 2008 1514 2055 qua
1524 1993 1584 2040 mira

382 2058 462 2121 logan
494 2057 586 2107 Solum
594 2059 713 2106 arratum
722 2056 841 2117 estquod
851 2058 983 2119 temptum
994 2056 1032 2105 rit
1044 2059 1060 2085 “
1067 2070 1103 2106 10.
1114 2069 1195 2105 rom
1202 2068 1415 2107 muranum
1423 2061 1444 2089 ”
1454 2074 1462 2120 ς
1479 2062 1510 2108 at
1521 2058 1548 2107 id
1558 2058 1582 2105 in

383 2122 502 2173 aeeuuda
520 2123 640 2172 editione
660 2122 809 2172 cauebitur.
841 2121 990 2186 Seripaerat
1009 2120 1043 2171 ad
1066 2136 1109 2171 me
1131 2121 1346 2182 Emmuaoum
1369 2138 1473 2173 seeum
1496 2137 1581 2181 mam.

383 2190 493 2238 breuem
509 2188 651 2251 epistolam
669 2188 698 2235 in
716 2186 830 2236 eandem
847 2188 1028 2248 sententiam
1045 2190 1074 2235 at
1090 2201 1171 2250 nuno,
1184 2187 1231 2236 vbi
1245 2188 1350 2236 amieos
1362 2188 1505 2251 quondam
1517 2188 1582 2237 edito

382 2269 462 2317 opere
478 2267 631 2303 consecrare
649 2254 745 2315 voluit,
766 2252 801 2301 ad
817 2252 889 2301 hano
905 2266 994 2301 meam
1011 2252 1152 2315 epistolum
1172 2251 1234 2314 plue
1253 2251 1344 2301 altera
1362 2258 1448 2315 parte
1469 2253 1583 2306 aeoedt.

384 2320 469 2434 bitror
478 2319 669 2433 quodetantgm
679 2317 768 2369 adhue
779 2318 811 2367 in
822 2318 944 2368 absentia
954 2317 1123 2367 adnexuerit
1144 2318 1175 2367 Si
1181 2317 1263 2379 volae,
1272 2318 1390 2368 mittam
1400 2320 1579 2383 Farraginem

408 2385 543 2434 enditur1
573 2399 620 2433 rue
639 2383 653 2434 .’

414 2450 471 2499 ‘l'he
487 2452 549 2513 part
565 2450 595 2498 of
610 2449 658 2499 the
675 2449 757 2498 letter
771 2448 859 2498 added
874 2448 904 2497 in
920 2448 1047 2511 printing
1056 2461 1112 2497 war
1127 2447 1244 2511 perhaps
1254 2447 1303 2497 the
1320 2449 1428 2499 eeoond
1446 2450 1524 2500 half:
1539 2448 1581 2498 ὼ

382 2514 490 2579 general
507 2515 645 2564 oharaoter
661 2514 691 2563 ot
710 2514 802 2564 which
818 2516 936 2577 auggeatr
952 2513 1013 2562 tbat
1033 2513 1159 2563 Eraemua
1174 2527 1238 2575 may
1253 2512 1369 2577 already
1392 2515 1540 2570 harahad
1554 2514 1580 2562 iu

383 2579 427 2629 hia
444 2580 522 2628 mind
537 2580 586 2628 the
605 2584 667 2639 Opru
685 2582 843 2629 emmaus
854 2578 898 2640 (of.
917 2577 965 2641 Ep.
985 2593 1041 2642 93²·
1062 2578 1112 2642 18),
1130 2578 1160 2626 of
1167 2578 1260 2627 whioh
1274 2579 1310 2627 be
1326 2578 1384 2628 had
1401 2579 1496 2641 jotted
1507 2581 1580 2629 dorm

382 2659 455 2694 rome
471 2647 552 2774 noter]
568 2646 598 2693 in
612 2658 675 2706 1523
693 2644 724 2708 (1.
742 2659 768 2707 p.
787 2660 827 2707 34.
849 2644 948 2708 ις-οο),
962 2644 1017 2694 and
1032 2644 1124 2696 whieb
1140 2644 1176 2693 he
1191 2643 1339 2706 publirbed
1356 2645 1389 2694 in
1405 2660 1474 2709 1535
1490 2659 1521 2696 aa
1536 2644 1579 2695 the

437 2852 592 2901 ERASHVS
613 2852 863 2903 Bomonmvs
885 2854 1011 2905 Ionooo
1034 2855 1139 2905 lom
1161 2855 1427 2905 ERPHOBDIENSI
1450 2859 1479 2911 S.
1499 2859 1531 2906 D.

424 2974 474 3034 Nu
491 2995 546 3052 pro
566 2978 633 3036 tam
652 2975 776 3036 erudita
793 2979 920 3055 tamque
939 2977 1061 3055 prolixa
1073 2976 1203 3057 epistola
1217 2976 1323 3039 nullae
1339 2977 1429 3040 vioee
1442 2980 1577 3050 refenn

384 3072 561 3134 doetireime
575 3072 653 3133 Iona
665 3074 698 3133 et
712 3074 795 3134 inter
808 3074 955 3136 oandidoe
967 3076 1084 3137 amioee
1099 3075 1270 3153 praecipue,
1286 3076 1393 3153 aooipe
1412 3077 1491 3154 quid
1506 3074 1579 3137 mihi

383 3173 487 3233 visum
507 3172 549 3232 eit
565 3171 750 3233 submouere
771 3175 860 3232 tuam
880 3174 1086 3249 prudentiam
1131 3174 1210 3235 Oum
1229 3173 1294 3233 Deo
1315 3173 1386 3251 Opt
1404 3174 1489 3235 Max.
1505 3176 1579 3235 emet

384 3270 419 3330 in
442 3289 538 3330 manu
564 3270 697 3347 singulis
721 3270 895 3348 quibusque
918 3271 1104 3332 mortalibus
1130 3270 1238 3349 largiri
1266 3270 1382 3345 omnia,
1410 3274 1520 3334 tamon
1544 3269 1579 3331 ad

357 3366 587 3443 5eonoordiam,
602 3387 696 3445 quam
715 3369 805 3429 vniee
823 3368 915 3430 nobie
933 3368 1035 3430 voluit
1055 3389 1122 3431 esee
1138 3368 1401 3444 commendatam,
1418 3369 1471 3430 illi
1487 3368 1580 3448 magis

384 3464 489 3525 risum
509 3466 557 3525 eat
576 3464 723 3526 idoneum
745 3466 791 3527 aio
815 3465 886 3527 aliie
907 3467 985 3528 aliae
1005 3468 1094 3529 dotes
1113 3466 1276 3544 impartire
1297 3469 1334 3527 vt
1355 3488 1486 3529 neeesse
1506 3468 1580 3528 foret

386 3582 443 3623 uos
463 3561 600 3623 inuioem
622 3562 742 3623 mutuis
766 3563 874 3625 offieiie
894 3562 1071 3625 eubleuariz
1092 3564 1249 3642 simulque
1270 3562 1362 3624 fieret
1385 3569 1424 3625 vt
1446 3586 1505 3627 neo
1525 3563 1581 3625 eibi

365 3648 367 3651 Α
386 3660 550 3738 quiequam
570 3659 642 3736 plus
662 3659 739 3721 satia
759 3661 876 3736 fideret
891 3681 963 3722 eum
984 3664 1084 3738 eoiret
1101 3662 1248 3741 quioquid
1266 3681 1405 3740 requam
1422 3667 1536 3741 posset,
1552 3662 1581 3723 id

386 3760 488 3817 totum
501 3756 705 3835 benignitatis
722 3776 788 3818 ease
808 3758 953 3833 diuinam
973 3777 1030 3820 neo
1048 3760 1129 3821 alius
1146 3758 1244 3819 alium
1265 3761 1494 3837 contemneret,
1515 3780 1581 3822 oum

345 3855 587 3933 roperpeuderet
611 3854 713 3916 Deum
742 3875 888 3934 magnam
915 3856 1136 3918 beneficiorum
1160 3876 1287 3918 suorum
1312 3859 1439 3934 partem
1467 3858 1582 3921 homini

388 3972 443 4031 per
464 3953 623 4014 hominem
643 3953 751 4031 largiri
771 3955 925 4030 voluisse3
952 3955 1087 4033 denique
1108 3975 1165 4017 neo
1184 3954 1373 4015 beneficium
1393 3955 1431 4016 in
1451 3955 1581 4018 alterum

388 4050 537 4112 oollatum
557 4050 722 4129 quiequam
743 4054 799 4113 aut
818 4055 975 4130 arrogaret
996 4053 1057 4114 eibi
1078 4056 1134 4115 aut
1155 4052 1353 4129 exprobraret
1377 4053 1500 4129 roiate,
1523 4072 1582 4116 non

387 4150 515 4227 ignarus
535 4149 715 4211 ministrum
735 4154 768 4210 et
787 4170 939 4228 organum
959 4170 1028 4213 esee
1047 4171 1081 4212 ee
1101 4150 1255 4229 largitatis
1271 4150 1400 4226 alienae,
1417 4172 1484 4213 non
1503 4156 1583 4213 auto

389 4267 476 4321 rem3
504 4248 535 4307 et
558 4246 587 4307 is
610 4247 665 4324 qui
687 4247 821 4310 offieium
846 4248 1000 4323 semiaeet,
1025 4248 1070 4309 sio
1093 4248 1222 4310 baberet
1242 4247 1376 4324 gratiam
1401 4248 1529 4310 homini
1552 4253 1583 4309 vt

347 4371 375 4422 ¹5
389 4347 455 4407 Deo
479 4343 566 4405 velut
588 4344 690 4406 autori
713 4346 855 4423 fontique
878 4346 1032 4409 bonorum
1059 4346 1202 4407 omnium
1230 4345 1349 4422 gratius
1374 4350 1491 4423 ageret,
1523 4364 1582 4407 nou

388 4443 491 4505 solum
512 4462 569 4519 pro
593 4442 743 4504 benefioio
765 4444 847 4521 quod
868 4444 909 4505 ab
929 4443 987 4506 illo
1011 4465 1067 4522 per
1089 4444 1251 4506 hominem
1272 4443 1453 4520 aeoepiaeet,
1478 4462 1581 4506 verum

389 4540 485 4601 etiam
509 4559 568 4618 pro
587 4540 657 4618 ipeo
678 4540 844 4603 beneficio:
866 4541 922 4619 qui
943 4542 1027 4620 quod
1048 4542 1157 4616 voluit,
1180 4541 1262 4620 quod
1282 4541 1386 4618 potuit
1408 4541 1581 4605 benefaoere

389 4635 539 4715 proximo,
553 4640 656 4698 totum
669 4637 810 4700 muneris
824 4643 891 4700 erat
903 4638 1013 4702 diuini.

364 4744 368 4752 '
429 4734 577 4798 Studium
590 4736 689 4814 igitur
704 4737 848 4799 omnium
864 4756 1030 4799 eommune
1048 4736 1140 4799 debet
1159 4756 1225 4799 ease
1242 4739 1278 4798 vt
1290 4736 1364 4798 aliie
1377 4736 1433 4799 alii
1447 4738 1580 4801 vioimim

391 4914 480 5029 inffi
497 4928 544 4965 rm
568 4916 778 4981 mmoanrrrar]
799 4917 884 4967 Jonas
907 4916 943 4981 (p.
969 4915 1029 4981 413)
1052 4930 1107 4965 was
1130 4914 1256 4978 properly
1277 4913 1307 4963 of
1328 4915 1525 4978 Nordhauaon;
1549 4913 1577 4964 et
