3867 6034
460 713 519 773 lic
714 745 718 756 ·
805 707 994 768 LETTERS
1022 706 1075 766 OF
1103 704 1303 766 ERASMUS
1561 698 1662 784 [¹5¹⁷

456 867 511 928 ille
539 866 701 928 deamabat
728 863 898 941 coniugem,
925 883 1020 940 quam
1044 862 1099 921 illa
1127 860 1334 921 venerabatur
1360 858 1456 918 etiam
1483 859 1664 920 maritum!

456 966 499 1025 Et
522 969 627 1025 tamen
651 983 714 1022 non
739 981 863 1039 semper
884 982 920 1021 ex
946 960 1076 1038 optimis
1097 962 1272 1019 nascuntur
1296 955 1417 1036 optimi.
1461 958 1569 1033 Quam
1593 977 1661 1018 non

456 1063 518 1123 luit
532 1062 582 1122 illi
595 1061 726 1121 molesta
739 1079 831 1134 mors,
849 1079 947 1137 quum
960 1078 994 1117 se
1010 1058 1130 1117 videret
1147 1057 1180 1115 in
1201 1057 1318 1118 talibus
1332 1055 1440 1117 liberis
1452 1056 1662 1134 superstitem

410 1179 442 1227 25
456 1160 541 1220 fore!
583 1159 682 1218 Porro
700 1158 820 1235 quoties
841 1156 1088 1217 mellitissimum
1108 1155 1301 1231 nepotulum,
1323 1154 1427 1214 filium
1443 1158 1548 1228 tuum,
1564 1155 1662 1216 Nico·

455 1257 525 1317 laus
540 1255 702 1316 Nicolaum
716 1255 960 1328 exosculabatur,
979 1254 1111 1314 nemori
1131 1253 1257 1330 quidem
1275 1252 1336 1313 sibi
1349 1252 1525 1313 videbatur.
1572 1253 1661 1332 Opes

454 1353 587 1414 habebat
614 1371 678 1412 non
706 1354 772 1411 tam
799 1351 920 1428 amplas
947 1370 1043 1429 quam
1071 1349 1177 1409 iustas
1195 1352 1236 1416 et,
1265 1349 1349 1427 quod
1377 1349 1428 1410 his
1455 1349 1661 1426 temporibus

454 1451 649 1510 rarissimum
671 1449 817 1523 estsine
841 1449 948 1508 fraude
974 1448 1118 1525 quesitas
1172 1448 1286 1506 Artem
1308 1445 1464 1522 delegerat
1487 1465 1554 1524 que
1578 1447 1662 1508 citra

453 1547 561 1608 dolum
588 1546 665 1607 lucri
692 1549 818 1606 tantum
845 1545 1064 1623 suppeditabat
1091 1548 1245 1623 quantum
1272 1547 1304 1605 et
1331 1544 1444 1605 alendo
1470 1543 1598 1606 familie
1625 1549 1661 1606 et

405 1671 440 1720 5ο
452 1646 638 1723 pauperibus
650 1645 753 1720 etiam,
770 1644 804 1704 in
821 1663 900 1721 quos
918 1646 984 1704 erat
1003 1642 1246 1714 liberalissimus,
1263 1642 1467 1702 subleuandis
1486 1643 1659 1706 sufficeret

453 1744 572 1804 Liberis
592 1743 717 1820 reliquit
739 1742 820 1818 quod
841 1742 880 1801 ad
902 1741 1056 1801 mundum
1078 1741 1197 1800 victum
1218 1741 1330 1818 cuique
1351 1740 1427 1800 satis
1447 1745 1540 1816 eset,
1557 1741 1659 1804 etiam

453 1840 570 1900 sinihil
581 1839 710 1900 aliunde
720 1839 883 1900 accederet.
919 1838 1025 1899 Gessit
1034 1839 1236 1916 magistratus
1245 1837 1365 1916 aliquot
1375 1837 1661 1916 oiuiles‚geeturus

453 1940 586 1998 maiores
599 1958 633 1998 ac
647 1937 753 2014 plures
766 1937 794 1996 si
807 1937 884 2014 quid
898 1937 1052 1997 ambisset.
1096 1937 1180 2012 Quos
1193 1936 1298 2014 gessit,
1311 1937 1357 1996 ita
1369 1935 1466 2013 gessit
1478 1938 1518 1996 vt
1531 1937 1661 2000 nemini

452 2036 618 2114 quicquam
642 2038 722 2096 esset
746 2036 827 2112 quod
852 2035 891 2095 de
915 2035 970 2094 illo
992 2038 1181 2113 quereretur.
1224 2034 1436 2094 Domestioam
1460 2033 1659 2098 discordiam

405 2163 436 2212 35
451 2152 515 2193 non
542 2152 629 2194 secus
650 2151 685 2192 ao
708 2136 828 2209 pestem
856 2132 993 2210 aliquam
1020 2132 1227 2193 execrabatur.
1272 2134 1320 2192 Ac
1347 2150 1405 2191 nec
1431 2151 1506 2193 oum
1533 2131 1659 2196 ciuium

451 2251 607 2308 quoquam
633 2230 680 2289 illi
709 2230 770 2289 fuit
795 2249 933 2307 vnquam
961 2229 1181 2301 controuersia,
1208 2232 1296 2289 tanta
1324 2231 1390 2290 erat
1416 2248 1547 2291 morum
1575 2251 1660 2294 oom-

451 2328 600 2388 moditas:
622 2327 785 2388 decedebat
804 2327 842 2386 de
859 2347 916 2387 suo
936 2327 1004 2387 iure
1023 2328 1136 2404 potius.
1158 2327 1185 2386 si
1204 2327 1324 2387 videret
1340 2326 1543 2390 concordiam
1563 2329 1660 2392 aliter

450 2429 591 2485 constare
604 2444 668 2485 non
682 2443 780 2501 posse.

492 2521 607 2582 Nullus
620 2542 658 2582 ex
672 2543 723 2582 ore
736 2523 824 2583 illius
837 2521 960 2582 audiuit
975 2541 1115 2600 vnquam
1129 2541 1305 2582 sermonem
1320 2541 1447 2597 vanum,
1458 2521 1658 2586 obscoenum

404 2653 437 2700 40
450 2624 504 2681 aut
531 2620 793 2681 obtrectatorium.
851 2619 891 2679 In
919 2622 987 2679 tam
1018 2620 1173 2697 frequenti
1204 2620 1329 2680 ciuitate
1360 2619 1488 2681 nullum
1514 2619 1659 2684 habebat

450 2718 623 2779 inimicum.
675 2718 821 2796 Plerique
848 2718 1033 2778 defunctum
1061 2737 1125 2778 non
1157 2738 1246 2780 secus
1276 2738 1311 2778 ac
1337 2723 1458 2796 patrem
1486 2716 1655 2798 lugebant,

449 2816 632 2891 praesertim
656 2815 772 2893 inopes.
825 2816 948 2890 Quanta
975 2835 1050 2875 vero
1077 2815 1247 2876 tolerantia
1272 2816 1405 2893 pertulit
1431 2815 1658 2882 acerbissimos

449 2915 602 2974 cruciatus
622 2913 742 2974 dierum
763 2914 993 2991 complurium!
1022 2913 1110 2974 nulla
1129 2914 1217 2974 enim
1240 2934 1327 2975 mors
1353 2913 1527 2977 violentior
1554 2937 1655 2998 quam

449 3030 509 3088 que
523 3011 632 3070 accidit
644 3030 683 3070 ex
699 3010 852 3071 obturatis
868 3012 957 3070 vrine
976 3011 1044 3070 viis.
1090 3011 1261 3072 Morituros
1279 3012 1360 3072 nihil
1379 3012 1464 3075 aliud
1483 3017 1656 3078 mandauit

403 3139 434 3188 45
448 3107 554 3168 liberis
571 3129 664 3186 quam
681 3108 876 3169 concordiam
890 3112 921 3169 et
934 3108 1076 3169 studium
1092 3109 1224 3184 pietatis.
1270 3108 1506 3172 Haereditatem
1520 3113 1654 3192 reliquit

447 3205 491 3267 ita
513 3205 714 3268 distributam
735 3210 772 3266 vt
795 3206 877 3265 nihil
902 3206 1028 3265 referret
1051 3205 1122 3283 quis
1146 3225 1240 3282 quam
1261 3208 1438 3284 portionem
1457 3207 1654 3288 delegisset:

447 3324 502 3364 nec
515 3305 600 3365 vllus
614 3304 718 3364 extitit
732 3304 787 3382 qui
805 3304 919 3364 diceret
933 3304 994 3364 sibi
1008 3302 1113 3363 deberi
1127 3304 1309 3365 teruntium.
1353 3309 1408 3366 An
1421 3323 1487 3367 non
1500 3305 1654 3387 ingratus

447 3402 557 3464 merito
578 3402 721 3478 videaris,
744 3403 771 3461 si
797 3403 892 3462 talem
919 3404 1080 3479 parentem
1108 3401 1240 3478 lugeas?
1281 3402 1396 3463 Fruere
1423 3404 1532 3480 potius
1559 3405 1653 3470 illius

446 3501 530 3561 felici
549 3501 707 3574 memoria,
727 3502 757 3559 et
779 3500 818 3560 ab
839 3500 935 3560 huius
954 3501 1020 3559 vite
1040 3499 1187 3559 fluctibus
1204 3499 1237 3559 in
1253 3499 1500 3563 immortalitatis
1517 3507 1651 3580 portum

396 3630 433 3680 50
446 3597 548 3658 delato
569 3597 733 3675 gratulare.
777 3599 876 3676 Perge
898 3598 990 3657 illum
1012 3598 1125 3657 referre
1146 3617 1270 3657 morum
1291 3598 1479 3675 integritate,
1499 3605 1653 3680 queml.

446 3697 574 3757 modum
589 3698 720 3757 antehac
740 3695 849 3762 fecisti.
865 3716 900 3755 ac
914 3695 1016 3755 filium
1031 3696 1095 3754 iam
1108 3715 1192 3755 nunc
1207 3715 1225 3755 a
1238 3697 1355 3756 teneris
1368 3698 1462 3758 annis
1475 3699 1522 3760 ita
1534 3701 1652 3782 fingite

446 3796 482 3854 vt
505 3812 599 3852 auum
621 3814 715 3868 quem
737 3795 866 3853 nomine
888 3794 989 3866 refert,
1013 3793 1125 3852 referat
1145 3798 1177 3854 et
1197 3795 1261 3854 vito
1282 3795 1501 3871 sanctimonia,
1520 3802 1650 3876 patrem

446 3909 480 3949 ac
508 3895 653 3965 patruum
678 3893 772 3952 etiam
796 3891 979 3952 eruditione.
1021 3892 1090 3952 Iam
1119 3911 1204 3953 nunc
1232 3893 1419 3972 Euangeliou
1445 3893 1653 3977 philosophie

446 3987 567 4047 decreta
589 3989 686 4048 veluti
703 3990 750 4049 lac
768 3990 866 4048 animi
886 3990 1053 4050 combibat
1098 3989 1168 4050 iam
1188 4011 1274 4051 nuno
1288 3993 1452 4070 utriusque
1464 3991 1651 4058 litterature

398 4121 432 4171 55
446 4085 566 4146 semina
576 4085 704 4158 hauriat,
718 4090 750 4147 et
760 4091 920 4164 parentem
934 4086 1064 4149 amabili
1076 4087 1216 4149 balbutie
1228 4091 1326 4149 Grece
1335 4089 1510 4170 Latineque
1520 4093 1653 4158 salutat.

445 4184 497 4246 Sic
523 4183 581 4243 tibi
609 4183 779 4260 contingat,
809 4186 854 4244 mi
882 4186 984 4254 Petra,
1013 4206 1083 4246 cum
1110 4187 1229 4263 optima
1256 4188 1388 4265 coniuge
1414 4190 1471 4248 tua
1496 4189 1651 4254 Cornelia

475 4371 516 4417 32.
535 4355 630 4404 ciuiles
641 4358 697 4404 odd.
709 4361 738 4405 F.
852 4360 905 4406 iis.
918 4361 957 4406 11:
980 4361 1134 4419 gestaturus
1144 4362 1172 4406 F.
1316 4371 1358 4420 ³5·
1376 4373 1427 4408 uec
1437 4361 1492 4410 18.
1503 4363 1547 4414 H:
1570 4369 1649 4416 nef.

444 4437 483 4484 45
505 4420 727 4472 Haereditatem.
741 4457 747 4470 .
761 4458 768 4471 .
780 4437 819 4482 47.
838 4422 992 4471 teruntium
1004 4425 1061 4472 odd.
1073 4428 1100 4471 Ρ.
1191 4425 1231 4485 5⁶·
1250 4424 1289 4473 mi
1301 4423 1380 4472 Petra
1391 4427 1449 4474 odd.
1462 4428 1492 4476 1.

609 4531 687 4542 ...-

477 4593 516 4640 26.
536 4587 686 4650 Nicolaum]
712 4588 779 4636 born
807 4601 829 4636 c.
861 4601 930 4648 1515,
961 4589 979 4636 i.
991 4603 1014 4637 e.
1067 4587 1138 4636 with
1155 4588 1241 4638 Gilles
1256 4604 1278 4638 o.
1296 4588 1646 4659 Aug.1514(oi.Rp.gra.

445 4656 564 4704 between
590 4654 683 4704 (iilles'
712 4653 842 4714 marriage
866 4652 896 4714 (l.
919 4654 952 4713 56
974 4654 1016 4716 n.)
1066 4654 1649 4725 aomanddiedacthugeofsmag.

443 4718 905 4781 andJm1517(Ep.51⁶.1-4).
940 4717 1016 4766 Britz
1069 4721 1133 4780 1526
1152 4720 1248 4782 (lond.
1269 4722 1325 4771 xxi.
1347 4725 1390 4782 6ο,
1411 4721 1466 4772 ΙιΒ.
1486 4723 1562 4788 830).
1595 4727 1649 4778 θαι

445 4785 508 4832 does
536 4788 582 4832 not
610 4784 734 4833 mention
768 4783 836 4844 him,
866 4783 915 4832 but
942 4784 1016 4845 gives
1066 4784 1203 4833 Erasmua'
1212 4785 1325 4848 epitaph
1335 4801 1372 4835 on
1380 4786 1647 4850 Gillea'tworrivaa,

445 4848 542 4898 details
570 4849 664 4911 (ΗΒΕ.
694 4864 720 4910 p.
749 4850 809 4908 ποθ)
842 4849 925 4898 about
961 4853 1016 4898 two
1066 4850 1650 4919 printedinhiatranalationofXanopbon'a

444 4928 565 4975 younger
581 4928 653 4973 sons,
669 4914 743 4962 John
761 4913 816 4962 and
832 4913 963 4963 Joaohim.
1067 4919 1147 4974 Hiera,
1161 4915 1248 4978 Basia,
1262 4917 1299 4972 Η.
1310 4917 1415 4967 Froben
1432 4919 1490 4968 and
1507 4921 1572 4974 iiie.
1582 4923 1651 4987 Ept-

476 4982 517 5043 5⁶·
535 4977 805 5042 Cornelia]Sandria.
835 4979 888 5028 She
900 4978 1017 5028 married
1067 4982 1181 5043 aeopiua,
1196 4997 1268 5045 ¹530·
