3867 6034
387 718 451 778 570
738 710 928 776 LETTERS
956 710 1011 772 OF
1038 708 1240 773 ERASMUS
1532 704 1619 790 [1519

342 897 374 947 ³5
386 875 498 953 probat
510 872 625 950 vulgus
639 869 787 950 quioquid
804 867 1059 947 frequentissime
1076 866 1225 945 sequitur.
1276 866 1392 928 Nemo
1409 886 1483 929 non
1499 866 1620 927 damuat

386 972 584 1033 inhonestam
598 970 804 1047 voluptatem,
818 986 912 1027 namo
931 966 1039 1028 laudat
1059 964 1293 1026 temulentiam
1344 965 1423 1027 Nos
1447 966 1491 1028 de
1513 964 1621 1026 iudicio

386 1070 555 1148 loquimur,
573 1069 688 1129 nonde
702 1065 928 1145 cupiditatibus
941 1084 977 1125 ac
991 1062 1110 1125 morbis
1122 1062 1318 1123 animorum.

428 1168 490 1229 Sed
509 1187 550 1228 ne
568 1166 682 1245 prolixi
700 1165 811 1240 simus,
826 1163 928 1242 primo
942 1162 1013 1223 loco
1032 1161 1078 1223 sic
1096 1160 1314 1223 ratiocinaris:
1342 1161 1405 1222 ‘si
1428 1161 1578 1240 corporis
1593 1180 1621 1220 ac

386 1266 531 1327 fortunae
549 1264 712 1326 commoda
728 1263 810 1323 bona
829 1263 913 1336 sunt,
930 1280 992 1340 quo
1006 1259 1161 1338 copiosius
1179 1278 1217 1319 ea
1235 1260 1465 1339 contingunt,
1483 1261 1548 1321 hoc
1566 1260 1623 1320 feli

342 1386 376 1437 40
388 1365 504 1426 ciorem
519 1364 653 1424 reddant
668 1380 793 1424 necesse
806 1360 875 1422 est’
916 1358 1064 1420 Primum
1078 1356 1266 1419 meminisse
1281 1357 1387 1420 debet
1403 1361 1447 1421 lt
1461 1361 1501 1421 Τ.
1514 1360 1556 1421 D.
1571 1358 1621 1419 boc

387 1482 488 1542 genus
507 1461 669 1533 bonorum,
690 1458 898 1538 quantumuis
917 1455 1101 1532 accumules,
1123 1474 1188 1516 non
1208 1454 1340 1516 adferre
1364 1456 1618 1524 beatitudinem.

388 1561 442 1623 sed
454 1560 629 1621 accessione
640 1557 870 1620 beatitudinem
881 1575 975 1634 quam
986 1555 1053 1616 sola
1063 1554 1166 1616 virtus
1178 1557 1322 1631 praestat
1334 1554 1532 1630 absoluere,
1545 1559 1620 1616 certe

388 1660 471 1738 quod
490 1659 529 1720 sd
542 1678 637 1719 veum
650 1656 780 1718 virtutis
798 1655 924 1716 attinet.
967 1652 1088 1715 Deinde
1102 1671 1284 1731 quanquam
1302 1652 1375 1713 ista
1391 1656 1575 1715 conferunt
1587 1652 1620 1713 ad

388 1756 583 1831 felicitatem,
594 1774 659 1817 non
672 1754 823 1815 continuo
836 1753 981 1831 sequitur
993 1752 1082 1812 iuxta
1095 1749 1225 1810 modum
1238 1749 1364 1811 horum
1380 1755 1420 1813 et
1434 1752 1620 1814 felicitatem

345 1872 377 1925 45
389 1873 570 1915 accrescens
613 1851 711 1914 Cibus
728 1871 764 1913 ac
784 1856 878 1929 potus
895 1850 1042 1912 conducit
1058 1850 1098 1911 ad
1115 1848 1256 1909 hominis
1270 1849 1381 1911 vitam
1403 1852 1578 1924 tuendam¹
1591 1853 1618 1909 at

390 1973 456 2014 non
476 1953 625 2014 continuo
643 1950 781 2011 maxime
794 1949 876 2011 viuit
890 1948 946 2027 qui
964 1948 1102 2026 plurimo
1116 1947 1217 2007 vtitur
1234 1946 1314 2007 cibo.
1364 1947 1514 2010 Praeter
1528 1968 1617 2010 vnarn

390 2050 580 2129 sapientiam
606 2047 687 2109 nihil
710 2051 758 2108 est
779 2047 814 2107 in
837 2047 931 2108 rebus
950 2045 1099 2107 humanis
1120 2046 1185 2105 tam
1206 2046 1434 2116 commodum,
1460 2048 1548 2126 quin
1569 2048 1617 2108 fist

390 2148 626 2209 incommodum
640 2148 669 2209 si
684 2147 725 2208 sit
739 2145 954 2207 immodicum.
999 2146 1113 2206 Forma
1125 2145 1286 2205 moderata
1305 2144 1438 2206 multos
1460 2166 1615 2207 commen·

391 2247 486 2322 dauit,
506 2246 617 2307 multis
635 2245 732 2306 exitio
751 2245 813 2305 fuit
832 2244 1010 2305 immodica.
1054 2242 1260 2320 Pythagorae,
1280 2241 1434 2320 Scipioni
1454 2246 1613 2308 Africano.

347 2343 527 2413 50Traiano
544 2344 666 2405 Caesari
689 2362 753 2403 non
774 2362 885 2421 parum
907 2341 1089 2402 autoritatis
1109 2338 1288 2400 conciliauit
1308 2341 1440 2403 formae
1466 2344 1612 2422 dignitas

392 2442 463 2504 Iam
483 2462 557 2503 vero
578 2442 638 2502 tibi
658 2441 785 2501 videtur
808 2441 905 2501 etiam
930 2439 1055 2516 impius,
1078 2438 1130 2498 cui
1150 2437 1293 2498 Socrates
1313 2438 1368 2498 vel
1395 2440 1469 2518 pilo
1495 2441 1613 2502 felicior

392 2539 542 2613 videatur,
555 2539 665 2618 siquis
678 2540 757 2599 deus
768 2537 855 2598 illius
868 2537 976 2597 animo
985 2538 1130 2610 formam,
1148 2555 1221 2613 opes
1234 2554 1271 2595 ac
1285 2555 1390 2612 genus
1401 2537 1612 2600 adiunxisset

392 2637 437 2698 vt
462 2636 544 2696 nihil
572 2637 666 2711 aliud,
690 2640 774 2697 certe
801 2635 946 2712 pluribus
973 2634 1134 2713 profuerit
1177 2634 1225 2694 At
1244 2633 1381 2695 virtutis
1403 2636 1487 2697 finis
1509 2637 1610 2698 estin

393 2753 486 2795 veum
514 2734 687 2795 multorum
715 2735 868 2794 diffundi:
897 2753 984 2795 nunc
1011 2733 1099 2794 illius
1121 2732 1224 2793 virtue
1250 2732 1461 2810 paucissimis
1492 2736 1608 2796 ciuium

348 2853 379 2903 55
393 2829 478 2891 bono
498 2832 569 2906 fuit,
590 2832 651 2909 ipsi
671 2832 766 2892 etiam
787 2832 966 2893 exitiabilis.
1011 2832 1109 2893 Porro
1122 2834 1199 2909 quot
1218 2832 1406 2909 parasangis
1428 2835 1609 2911 praecurrat

393 2929 446 2990 his
466 2929 558 2990 bonis
578 2930 758 3005 instructus,
775 2950 840 2991 non
858 2933 908 2990 est
924 2950 1033 2991 meum
1053 2930 1176 3002 metiri3
1199 2929 1280 2988 mihi
1298 2929 1378 2990 satis
1400 2936 1454 2993 est
1475 2933 1608 3011 aliquam

393 3028 555 3089 felicitatis
580 3028 789 3089 accessionem
816 3028 955 3106 adiungi.
1000 3029 1120 3089 Rursus
1147 3027 1319 3104 expendere
1345 3030 1510 3090 conuenit
1537 3030 1606 3091 haec

394 3127 485 3201 bona,
503 3147 568 3188 non
590 3146 762 3201 numerare,
779 3127 861 3204 quod
883 3131 918 3187 tu
939 3128 1024 3203 facis,
1042 3128 1097 3206 qui
1112 3127 1264 3186 virtutem
1285 3125 1373 3186 hisce
1395 3128 1500 3190 rebus
1521 3128 1606 3189 desti·

393 3229 496 3287 tutam
517 3225 571 3286 vix
591 3245 691 3285 vnum
712 3226 788 3286 facis
807 3226 939 3302 gradum
960 3227 999 3286 ad
1020 3225 1210 3286 felicitatem.
1255 3224 1327 3285 Vna
1346 3226 1456 3287 virtus
1483 3232 1605 3289 tantum

349 3331 382 3381 60
394 3324 488 3384 habet
508 3325 664 3384 momenti
683 3327 720 3384 vt
739 3324 806 3385 sola
827 3324 971 3384 conficiat
992 3324 1191 3396 felicitatem3
1217 3325 1369 3399 tantoque
1391 3326 1605 3401 praestantior

395 3426 442 3482 est
463 3422 591 3482 caeteris
610 3421 763 3483 bonorum
789 3421 964 3499 generibus,
986 3425 1022 3482 vt
1043 3442 1101 3481 nec
1123 3422 1157 3483 in
1178 3419 1424 3498 appellationem
1449 3422 1602 3485 bonorum

395 3521 586 3597 recipiantur
604 3520 666 3596 illa,
686 3521 749 3581 nisi
767 3524 923 3597 quatenus
940 3520 1054 3581 virtuti
1073 3519 1276 3580 famulantur.
1319 3517 1368 3578 Ex
1389 3520 1513 3597 quibus
1534 3523 1603 3583 satis

395 3619 495 3696 liquet
509 3619 568 3679 hoc
582 3617 650 3678 loco
663 3638 726 3679 non
741 3618 819 3679 satis
833 3620 867 3678 in
881 3622 1022 3696 tempore
1033 3619 1191 3679 Neronem
1205 3616 1490 3680 sceleratissimum
1507 3624 1603 3699 tyran·

395 3735 474 3775 num
498 3735 570 3776 cum
592 3716 737 3793 Epicteto
757 3717 945 3795 philosopho
964 3716 1168 3795 integerrimo
1189 3716 1371 3792 comparari.
1419 3717 1467 3778 Vt
1490 3717 1602 3780 Neroni

350 3822 460 3886 65non
486 3815 604 3892 profuit
627 3816 796 3891 imperium
825 3819 882 3876 aut
905 3836 987 3893 opes,
1014 3836 1076 3893 quo
1101 3817 1209 3875 minus
1235 3817 1317 3874 esset
1340 3813 1479 3890 infelix;
1513 3815 1600 3879 itaai

397 3907 538 3983 Epicteto
563 3910 683 3985 optimo
704 3909 774 3970 viro
797 3910 871 3970 haec
895 3909 1060 3970 commoda
1083 3909 1294 3979 accessissent,
1317 3907 1431 3968 fuisset
1456 3911 1500 3970 ad
1525 3929 1601 3972 exer·

396 4005 528 4066 cendam
541 4006 693 4066 virtutem
708 4027 773 4067 non
788 4008 881 4084 paulo
895 4008 1086 4068 instructior.

437 4105 488 4164 Ad
508 4104 583 4163 haec
603 4105 797 4165 ratiocinaris
815 4105 901 4166 hunc
919 4106 953 4165 in
973 4105 1119 4166 modurn:
1144 4105 1193 4165 ‘Si
1211 4104 1293 4165 bona
1310 4106 1396 4179 sunt,
1415 4124 1475 4165 cur
1492 4106 1598 4168 horum

396 4202 551 4280 praesidio
575 4222 668 4262 nemo
692 4203 728 4263 fit
752 4204 904 4263 melior‘?’
946 4201 1093 4263 Primum
1122 4203 1176 4279 qui
1201 4221 1272 4263 suas
1294 4221 1369 4279 opes
1389 4220 1410 4261 a
1431 4205 1598 4265 maioribus

353 4325 385 4379 70
397 4300 520 4361 relictas
533 4306 587 4361 aut
601 4300 718 4378 alioqui
733 4300 812 4362 bone
831 4306 936 4379 partas
954 4302 1089 4362 effundit
1102 4302 1137 4361 in
1151 4301 1327 4362 subsidium
1346 4319 1534 4378 pauperum,
1550 4306 1598 4363 aut

397 4400 425 4459 si
440 4400 511 4478 quis
524 4419 619 4476 opum
634 4418 710 4459 vsus
726 4401 870 4474 sanctior,
886 4421 951 4461 non
969 4400 1045 4460 huic
1059 4420 1133 4477 opes
1150 4399 1341 4459 adminiculo
1356 4403 1435 4460 sunt
1449 4404 1487 4461 vt
1502 4401 1598 4461 indies

395 4500 498 4576 scipso
510 4497 622 4558 melior
632 4498 765 4559 euadat?
785 4499 849 4560 nisi
859 4499 938 4560 forte
950 4518 1016 4559 non
1026 4502 1174 4576 putemus
1184 4497 1359 4558 accessione
1369 4496 1598 4560 benefactorum

396 4602 429 4659 ot
442 4598 570 4658 virtutis
587 4596 735 4674 gradibus
756 4598 886 4675 adiungi
908 4597 1064 4658 nonnihil.
1109 4596 1228 4657 Deinde
1249 4614 1313 4656 non
1332 4596 1415 4673 fugit
1435 4596 1496 4657 hoc
1515 4603 1597 4659 tuan

439 4794 479 4837 40.
498 4778 576 4825 «lebet
590 4778 620 4826 R.
633 4778 661 4825 T.
675 4777 759 4824 D.E:
777 4778 856 4826 debes
867 4782 899 4827 H.
1002 4777 1224 4838 55.e1itialis1{.
1326 4790 1366 4837 72.
1385 4780 1518 4837 putamus
1531 4781 1561 4826 ll.

430 4944 470 5001 38.
492 4941 673 5005 ratiocinaris]
688 4943 735 5003 Ep.
749 4942 806 5002 958.
821 4943 853 4990 aa
865 4957 919 5003 seq.
1064 4942 1105 4990 68.
1125 4938 1307 5003 ratiocinaris]
1320 4940 1366 5002 Ep.
1380 4942 1439 5002 958.
1455 4946 1523 5004 48,9.

433 5022 472 5068 51.
494 5007 608 5070 impius]
621 5008 669 5068 Ep.
682 5008 741 5069 958.
753 5022 792 5068 37.
