3867 6034
261 729 336 815 99²]

553 812 627 875 992.
673 809 772 874 Facu
795 807 961 873 wmarus
985 806 1163 874 Ronanus,

296 962 419 1035 Farrago
432 982 460 1034 p.
475 964 535 1033 363.
1254 958 1342 1013 Paris.

296 1050 325 1105 Ρ.
337 1070 365 1122 p.
378 1064 447 1118 207:
467 1049 536 1105 HN:
556 1050 643 1106 Lond
656 1050 696 1104 iii
710 1051 761 1105 66:
780 1048 835 1103 LB.
848 1063 909 1115 441.
1171 1061 1206 1115 30
1218 1045 1294 1102 June
1308 1044 1424 1118 (1519).

309 1204 432 1269 [Shortly
442 1203 511 1252 atur
522 1204 569 1266 Ep.
580 1204 637 1264 987.
674 1203 802 1250 Erasmus
813 1199 916 1263 replied
928 1202 958 1249 in
971 1199 1056 1262 July:
1072 1199 1156 1249 bend
1170 1201 1208 1249 iit
1220 1202 1260 1263 67,
1275 1200 1329 1250 Le,
1341 1200 1409 1263 494]

457 1367 654 1416 ovumvs
676 1364 834 1413 BVDAEVS
858 1364 994 1412 masao
1016 1364 1184 1416 ROTEROD.
1203 1366 1228 1415 S.
1269 1365 1272 1372 '

300 1506 497 1566 Summam
511 1504 551 1565 ad
566 1507 597 1563 te
612 1524 711 1581 nuper
724 1522 780 1581 per
794 1501 991 1562 Ludouicum
1005 1502 1128 1578 Viuem,
1143 1503 1315 1578 hominem,
1331 1507 1366 1564 vt
1379 1505 1461 1565 mihi

258 1624 296 1662 ex
311 1604 437 1680 gemina
450 1602 667 1679 congressione
682 1601 769 1661 visus
789 1603 846 1671 est,
862 1599 1081 1660 doctissimum
1100 1604 1132 1661 et
1149 1602 1208 1661 tibi
1222 1601 1457 1663 amicissimum.

259 1701 351 1761 Nunc
377 1702 416 1761 ad
447 1720 498 1760 me
522 1699 689 1759 visendum
714 1718 815 1775 quum
842 1697 1016 1757 Glareanus
1040 1698 1185 1773 venisset,
1205 1700 1319 1759 comite
1348 1699 1462 1761 Iacobo

259 1800 412 1874 Ceratino,
429 1802 560 1875 vtraque
573 1797 682 1874 lingua
696 1796 786 1856 docto
805 1797 838 1855 et
855 1794 1025 1873 profitenti,
1039 1795 1138 1856 iacere
1150 1817 1215 1857 non
1229 1798 1316 1875 potui
1330 1798 1407 1875 quin
1421 1797 1460 1858 ad

259 1900 290 1957 tc
313 1897 373 1957 hoc
392 1896 574 1973 epistolium
595 1896 712 1966 darem
736 1912 810 1952 cum
830 1892 960 1952 interim
981 1892 1030 1952 illi
1051 1894 1233 1970 praestolari
1255 1915 1318 1956 uon
1339 1896 1488 1963 nollents

259 1996 346 2056 domi
368 2014 463 2055 meae.
507 1994 642 2070 Peregre
663 2011 760 2068 agens
783 1991 844 2051 duo
865 2009 884 2050 a
903 1992 935 2049 te
956 1991 1101 2068 epistolia
1120 1994 1223 2070 accepi
1247 1994 1355 2055 eodem
1381 2014 1460 2071 pene

259 2091 409 2171 exemplo,
431 2094 514 2152 certe
539 2094 726 2169 argumento
750 2108 816 2149 non
840 2088 997 2148 dissimili.
1037 2089 1127 2163 Quod
1145 2090 1250 2151 videre
1273 2095 1309 2151 tu
1332 2091 1460 2168 longam

259 2190 348 2250 illam
362 2190 527 2269 epistolam
542 2192 631 2249 tuam
645 2208 682 2248 eo
696 2187 824 2248 demum
845 2187 974 2246 nomine
995 2187 1142 2247 detestari
1159 2206 1195 2247 ac
1208 2188 1358 2265 despuere
1372 2189 1459 2266 quasi

259 2287 462 2364 ἄφοδωτηρίου
476 2287 615 2363 diguam,
627 2284 710 2361 quod
725 2284 785 2345 tibi
799 2304 850 2344 me
865 2284 1027 2344 infensum
1040 2285 1219 2360 reddiderit,
1236 2285 1328 2363 longe
1341 2287 1461 2347 falleris

259 2385 407 2462 opinione
420 2386 455 2444 in
469 2384 527 2444 hac
541 2404 576 2443 re
590 2402 722 2461 quoque,
738 2385 775 2442 vt
790 2382 922 2442 antehac
936 2382 971 2442 in
985 2382 1056 2443 aliis
1069 2382 1169 2444 falsus
1184 2403 1226 2457 es,
1243 2384 1275 2444 id
1290 2385 1373 2462 quod
1387 2388 1460 2446 ante
1475 2402 1506 2439 ιο

259 2481 431 2542 discessum
445 2501 551 2542 meum
565 2483 699 2541 testatus
713 2499 796 2554 sum,
809 2478 865 2539 illa
879 2479 1002 2540 scilicet
1020 2480 1153 2558 epistola
1167 2480 1257 2542 cuius
1269 2484 1319 2542 est
1331 2482 1460 2543 initium

263 2580 349 2641 ‘Vidi
359 2580 588 2640 enarrationem
598 2598 693 2657 quam
704 2577 739 2638 in
748 2576 910 2656 epistolam
919 2597 1024 2639 meam
1032 2578 1185 2656 scripsisti
1192 2580 1208 2637 ’.
1243 2579 1369 2653 Quodsi
1380 2580 1460 2640 mihi

260 2697 299 2737 ne
313 2697 399 2737 nunc
414 2677 541 2755 quidem
556 2676 667 2747 credis,
681 2696 737 2754 per
749 2694 800 2735 me
814 2674 889 2735 licet
903 2678 938 2734 vt
956 2678 1046 2735 tuam
1066 2695 1212 2754 measque
1230 2678 1327 2738 simul
1343 2678 1461 2739 chalco·

258 2775 386 2853 graphis
400 2774 572 2852 permittes,
588 2774 682 2851 idque
695 2773 779 2834 bona
791 2772 962 2834 moerenia
975 2772 1133 2833 iacturum
1146 2777 1178 2833 te
1191 2774 1321 2835 affirmo.
1352 2774 1460 2854 Neque

259 2873 346 2933 enim
370 2873 450 2933 mihi
472 2872 512 2933 ab
535 2872 701 2933 hominum
730 2871 891 2932 doctorum
915 2871 1146 2932 existimatione
1166 2873 1373 2934 metuendum
1393 2893 1461 2934 esse
1475 2891 1507 2943 ¹⁵

259 2974 354 3048 puto:
376 2971 459 3049 quod
480 2970 607 3049 quidem
624 2990 661 3030 eo
679 2969 825 3046 pertinet,
842 2971 878 3031 vt
896 2969 1069 3030 inualescat
1086 2969 1141 3030 illa
1157 2970 1241 3048 apud
1260 2991 1344 3031 acres
1359 2972 1461 3032 candi-

260 3068 377 3146 desque
397 3068 528 3129 lectores
548 3068 663 3146 opinio,
679 3068 708 3127 si
728 3066 805 3127 haec
824 3066 928 3144 palam
947 3065 1025 3126 fiant
1042 3067 1247 3144 epistolarum
1265 3072 1458 3146 argumenta,

259 3185 318 3228 nos
342 3186 405 3226 non
434 3166 512 3228 satis
541 3166 623 3226 bona
647 3164 709 3225 tide
729 3163 902 3224 amicitiam
923 3164 1056 3224 coluisse
1079 3165 1251 3242 stilumque
1275 3165 1458 3227 exercuisse.

260 3262 342 3324 Nam
359 3266 396 3323 vt
413 3263 491 3323 iocis
508 3262 644 3323 libenter
665 3264 737 3321 utor
757 3260 905 3333 scribens,
920 3263 952 3320 et
972 3261 1139 3322 immodice
1159 3262 1289 3324 fortasse
1309 3263 1458 3338 scribens,

260 3360 303 3420 sic
327 3360 411 3421 haud
435 3359 573 3421 illibenti
600 3359 715 3432 animo,
732 3361 789 3418 aut
815 3362 898 3418 certe
925 3377 989 3417 non
1017 3359 1132 3437 iniquo,
1161 3358 1299 3421 ludicros
1326 3359 1461 3422 udones
1474 3380 1508 3417 ιο

259 3458 390 3534 periero,
402 3459 499 3519 etiam
513 3478 551 3516 ex
565 3456 695 3533 ancipiti
709 3455 833 3532 petitos.
879 3455 943 3515 Nec
962 3476 1035 3516 cum
1049 3457 1111 3517 sim
1124 3461 1236 3518 natura
1250 3461 1460 3539 φιλοπαίγμον,

259 3558 332 3615 πάνυ
355 3581 399 3615 τοι
422 3557 608 3633 ποραιτοίμην
629 3555 663 3613 ἂν
687 3555 728 3630 μὴ
748 3555 858 3614 ἀκούειν
871 3555 1093 3631 φιλοσκώμμων.
1135 3556 1224 3631 Quod
1242 3558 1270 3617 si
1288 3558 1339 3617 vir
1358 3557 1460 3619 bonus

259 3653 429 3714 existimari
441 3654 547 3729 velim,
560 3653 695 3729 ἑπόμενον
708 3652 798 3727 δήπου
811 3654 911 3713 τούτου
925 3654 1004 3713 ἐστὶν
1018 3657 1067 3714 οὒκ
1081 3654 1243 3734 ἂχθομένως
1256 3655 1291 3731 δὴ
1305 3657 1380 3736 ἔχειν
1392 3658 1462 3733 πρὸς

259 3755 293 3811 τὰ
307 3754 483 3832 εὐγνωμόνως
495 3778 527 3812 τι
541 3752 586 3811 καὶ
600 3751 693 3821 deiicis
707 3752 960 3827 ἆπισκωπόμενα.

299 3851 398 3928 Atqui
412 3849 510 3909 velim
525 3849 569 3909 ita
583 3848 754 3922 existimes,
765 3868 817 3908 me
830 3848 1046 3911 huiuscemodi
1059 3850 1293 3911 vicissitudines
1302 3850 1460 3912 scribendi
1474 3868 1506 3919 τε

258 3948 341 4008 inter
355 3947 500 4008 homiues
515 3947 642 4025 quidem
658 3966 763 4007 rerum
782 3946 932 4008 callentoe
950 3948 985 4008 in
1003 3948 1160 4010 diuersam
1174 3953 1294 4027 partem
1309 3950 1459 4029 interpre-

259 4048 319 4106 tari
334 4050 429 4123 elque
443 4050 479 4106 tu
495 4045 674 4106 existimare
688 4043 801 4106 solitus
813 4045 865 4106 sia
897 4045 978 4106 Nam
993 4046 1108 4124 quibus
1121 4050 1156 4107 tu
1171 4046 1349 4108 labefactari
1363 4049 1461 4109 fixam

258 4144 430 4207 amicitiam
444 4148 546 4222 putas,
562 4148 616 4205 aut
635 4144 715 4204 alios
729 4164 834 4204 verere
853 4164 893 4204 ne
914 4145 958 4205 ita
976 4145 1115 4222 putaturi
1134 4146 1208 4221 sint,
1225 4146 1264 4207 iis
1282 4165 1339 4223 ego
1353 4146 1462 4207 confir·

259 4242 339 4301 meri
354 4243 399 4300 καὶ
410 4244 500 4320 πάντῃ
514 4244 622 4305 πάντως
635 4243 835 4319 ἐπικυροῦσθαι
851 4261 970 4302 censeo.
1013 4243 1096 4304 Cane
1110 4263 1287 4321 quenquam
1299 4245 1461 4307 existimes

258 4355 277 4393 a
300 4335 403 4395 literis
423 4336 605 4397 alieniorem
627 4356 808 4415 essequam
831 4356 914 4397 nunc
930 4356 1011 4397 aum.
1053 4337 1121 4412 Quo
1140 4337 1177 4396 tit
1190 4340 1225 4398 vt
1239 4338 1338 4399 vitam
1356 4359 1458 4400 meam
1471 4356 1503 4407 30

259 4431 391 4492 minoris
414 4432 547 4494 dimidio
570 4434 734 4495 aestimem
745 4456 753 4508 ;
785 4453 842 4496 nec
865 4434 951 4496 aliud
975 4437 1049 4512 opto
1070 4452 1166 4512 quam
1179 4437 1215 4495 vt
1236 4434 1276 4495 ad
1294 4435 1458 4514 ingenium

290 4625 314 4670 9.
334 4609 663 4663 tibimeflrmihiteil.
732 4614 963 4667 manner.
1019 4613 1277 4677 numerumn.
1344 4613 1460 4678 sarpta

259 4676 340 4722 ulli:
360 4673 567 4733 veteretum

294 4887 314 4923 1.
331 4872 507 4937 Scripseram]
519 4873 567 4935 Ep·
578 4875 637 4936 9⁸7·
914 4875 938 4926 R
956 4874 1110 4939 epistelam]
1123 4875 1172 4938 Ep.
1184 4876 1242 4938 906.

290 4955 312 4997 4.
333 4938 458 4987 Ceratino
483 4941 531 4987 See
544 4939 590 5002 Ep.
604 4942 662 4989 eea.
674 4954 741 5002 3111.
917 4954 953 4989 11.
972 4939 1098 5003 epistola]
1111 4942 1159 5004 Ep.
1170 4954 1227 5003 915.

288 5006 313 5052 ἁ
331 5003 455 5066 epistolia
479 5004 546 5069 Bpp.
559 5020 617 5068 οφ,
630 5020 688 5069 954
886 5031 894 5046 ·
913 5008 953 5058 οὓ.
972 5005 1135 5071 amcitiam]
1147 5007 1187 5059 ct.
1200 5007 1247 5071 Ep.
1256 5021 1313 5072 95⁴·
1324 5024 1348 5059 a.

306 5101 433 5137 amum
834 5108 881 5150 gg
