3867 6034
449 718 512 779 aes
796 719 988 783 sumnus
1016 718 1070 781 or
1097 718 1298 780 nsssuus
1550 711 1648 796 [1518

407 892 438 930 10
450 874 600 936 studiosis
627 895 663 936 ac
690 875 880 938 orthodoxae
911 874 985 935 fidei
1017 877 1142 935 nostrae
1169 873 1211 934 sit
1238 872 1380 934 allatura
1424 873 1524 933 Macte
1551 870 1650 948 igitur

449 971 542 1033 istius
561 973 661 1033 animi
682 973 730 1034 tui
749 977 826 1046 esto,
841 993 877 1033 ao
896 971 1039 1049 publicae
1052 971 1184 1033 vtilitati
1204 971 1334 1031 studens
1350 971 1436 1047 operi
1449 973 1516 1030 tam
1530 969 1649 1036 sancto,

450 1071 487 1130 vt
509 1069 543 1129 in
567 1069 671 1131 lucem
694 1073 790 1145 exeat,
806 1070 916 1131 sedulo
940 1067 1092 1146 inuigila;
1120 1069 1249 1146 dignam
1275 1068 1404 1146 quidem
1431 1070 1479 1127 tot
1506 1065 1649 1126 laborum

450 1166 625 1227 mercedem
649 1166 778 1244 abipso
801 1168 867 1228 Deo
889 1166 1095 1233 relaturus.a
1118 1165 1209 1227 nobis
1228 1185 1303 1227 vero
1324 1166 1472 1226 meritam
1493 1176 1650 1224 commen*

451 1264 609 1326 dationem
623 1268 654 1325 et
667 1266 789 1326 cunctis
797 1263 1063 1327 christifidelibus
1075 1267 1258 1343 perpetuam
1272 1264 1398 1325 laudem
1412 1266 1647 1323 consecuturus.

408 1383 437 1433 15
490 1362 609 1423 Datum
633 1364 751 1423 Romae
774 1363 866 1439 apud¹
879 1363 1033 1424 Sanctum
1057 1362 1197 1422 Petrum.
1241 1360 1307 1423 Sub
1335 1362 1452 1422 annulo
1474 1360 1646 1438 piscatoris

451 1459 509 1520 Die
524 1479 554 1520 x.
570 1461 764 1538 Septembris
779 1479 945 1521 murum.
988 1460 1196 1522 Pontificatus
1209 1459 1310 1520 nostri
1323 1461 1419 1521 Anno
1433 1459 1535 1520 Sexto.

1394 1590 1607 1668 Euangelista

753 1788 856 1872 ⁸6⁶os
898 1785 998 1851 Fnou
1023 1785 1120 1849 Psm.
1143 1784 1352 1849 Bounasms

485 1904 612 1975 Farmgo
624 1924 652 1975 P·
666 1920 727 1975 343·
1443 1903 1540 1960 Rome.

486 1990 516 2045 F.
529 2009 557 2062 p.
572 2007 643 2061 443:
662 1990 733 2046 HN:
753 1991 842 2047 hond.
855 1990 893 2045 xi.
907 2006 941 2057 4:
960 1989 1017 2047 LB.
1031 2003 1093 2060 335.
1371 2004 1384 2044 1
1398 1987 1522 2047 October
1537 1994 1614 2062 15¹8·

663 2113 732 2177 [The
743 2112 806 2162 date
818 2112 842 2161 is
853 2110 1002 2161 confirmed
1013 2111 1050 2174 by
1061 2111 1108 2159 the
1120 2110 1256 2158 reference
1267 2111 1295 2158 to
1306 2109 1355 2172 Ep.
1366 2108 1436 2171 864]

732 2258 862 2305 PAVLVS
885 2255 1075 2305 BOMBASIVS
1098 2253 1232 2301 ERASMO
1254 2252 1317 2301 SVO
1340 2254 1365 2300 S.

492 2378 635 2438 ernaan
649 2382 720 2439 tuae
733 2399 811 2457 quas
824 2379 863 2440 od
878 2398 929 2439 xv.
945 2377 1073 2439 Oaleud.
1089 2375 1244 2453 Septemb.
1261 2374 1399 2451 dederas,
1415 2377 1469 2437 vix
1483 2377 1585 2454 pridie
1600 2379 1649 2440 Id.

450 2474 532 2536 mibi
556 2477 685 2537 tandem
705 2478 845 2538 redditae
866 2478 1015 2549 fuerunt;
1040 2494 1153 2553 meque
1174 2473 1221 2533 ita
1240 2472 1434 2535 delectarunt
1453 2480 1490 2537 vt
1509 2476 1597 2537 nulla
1617 2499 1652 2538 re

450 2573 619 2634 iucundius
640 2574 720 2634 affici
744 2576 908 2651 potuerim,
932 2574 998 2634 fato
1018 2573 1154 2651 quodam
1176 2570 1234 2630 tibi
1254 2571 1331 2631 adeo
1349 2571 1518 2633 deuinctus
1541 2577 1579 2635 vt
1600 2575 1651 2635 vel

451 2670 565 2730 blando
590 2670 647 2732 illo
672 2671 719 2731 tui
744 2672 882 2732 nominis
906 2689 1037 2732 occursu
1060 2668 1234 2747 plurimum
1261 2687 1388 2743 recreer,
1413 2669 1514 2731 multo
1542 2676 1651 2734 autem

422 2767 560 2845 tnagis,
577 2768 699 2845 siquod
713 2768 872 2828 exanimo
886 2768 1072 2846 ingenioque
1086 2770 1141 2826 tuo
1156 2766 1376 2845 depromptum
1386 2767 1469 2827 mihi
1483 2768 1650 2832 obueniat:

450 2865 533 2943 quod
548 2866 672 2943 saepius
692 2866 820 2943 quidem
838 2869 956 2945 optare,
970 2884 1133 2943 nunquam
1146 2883 1221 2926 vero
1239 2865 1361 2942 exigere
1379 2885 1469 2927 meus
1483 2887 1535 2927 me
1547 2868 1651 2945 pudor

449 2961 537 3037 sinit,
552 2983 593 3023 ne
606 2967 662 3025 tua
675 2983 802 3025 morans
815 2966 957 3041 tempora
970 2964 1005 3024 in
1014 2962 1140 3041 publica
1153 2963 1316 3023 commoda
1329 2964 1375 3041 (vt
1389 2963 1521 3025 Flaccus
1533 2965 1651 3043 inquit)

449 3079 585 3138 peccem.
629 3061 750 3137 Quibus
774 3065 929 3138 quantum
953 3081 1023 3122 meo
1050 3060 1166 3121 iudicio
1194 3080 1258 3121 non
1282 3064 1409 3122 strenue
1435 3081 1471 3122 ac
1504 3065 1653 3141 gnauiter

449 3158 544 3219 modo
558 3160 612 3220 sed
626 3160 723 3220 etiam
737 3159 870 3220 feliciter
887 3160 1040 3220 hactenus
1059 3158 1261 3230 consulueris,
1277 3158 1360 3233 apud
1378 3158 1458 3219 alios
1474 3161 1652 3237 praedicare

409 3276 544 3335 requam
559 3258 619 3317 tibi
633 3259 747 3318 referre
757 3256 878 3319 malim.
922 3258 984 3319 Sed
998 3276 1038 3317 ne
1054 3255 1124 3328 tibi,
1140 3255 1195 3333 qui
1208 3276 1259 3315 me
1273 3256 1362 3317 intus
1375 3260 1407 3317 et
1420 3257 1454 3317 in
1468 3261 1539 3318 cute
1553 3260 1647 3333 nosti,

449 3354 513 3415 iam
537 3374 684 3432 persuasa
709 3359 802 3434 atque
827 3356 924 3416 etism
946 3358 1020 3416 nota
1041 3354 1176 3432 longiori
1195 3373 1340 3414 sermone
1361 3357 1547 3432 persuadere
1567 3357 1653 3417 velle

450 3451 564 3526 videar,
581 3453 619 3512 ad
634 3452 799 3530 epistolam
813 3456 901 3514 tuam
914 3456 1016 3514 venio.

491 3549 581 3624 Quod
614 3553 656 3620 te,
684 3551 821 3629 vndique
851 3551 1063 3611 innitentibus
1096 3549 1222 3627 regibus
1249 3551 1343 3626 atque
1370 3550 1575 3628 principibus,
1609 3554 1649 3613 ad

452 3646 579 3708 Nouum
599 3649 836 3710 Testamentum
857 3649 1069 3710 recudendum
1089 3645 1248 3708 Basileam
1270 3647 1392 3709 reiectis
1408 3669 1443 3708 ao
1464 3651 1651 3727 posthabitis

408 3759 436 3809 ¹5
450 3746 598 3806 omnibus
619 3747 758 3806 conferre
778 3747 928 3821 maluisti,
945 3745 1029 3806 nihil
1049 3745 1195 3823 equidem
1215 3745 1321 3819 miror,
1339 3747 1455 3824 quippe
1476 3748 1530 3824 qui
1551 3749 1650 3809 sciam

450 3843 618 3904 Erasmum
633 3846 714 3905 nihil
728 3864 803 3923 prae
817 3840 978 3906 literarum
987 3844 1294 3921 conscientiamagni
1305 3864 1446 3923 vnquam
1459 3847 1648 3909 aestimasse.

451 3940 643 4020 Vtinamque
668 3942 701 4001 id
722 3942 848 4003 fecisses
869 3942 946 4002 dum
965 3941 1036 4002 istic
1057 3961 1113 4020 ego
1133 3941 1278 4001 aderam!
1304 3941 1386 4001 nihil
1407 3943 1493 4003 enim
1514 3963 1566 4004 me
1585 3964 1650 4005 vno

450 4038 564 4100 fuisset
591 4040 722 4114 beatius,
739 4060 796 4101 nec
810 4041 886 4101 vrbs
909 4041 1010 4102 Roma
1034 4044 1100 4101 tam
1124 4039 1215 4100 facile
1238 4059 1288 4100 me
1316 4060 1460 4102 reuocare
1485 4044 1650 4120 potuisset.

450 4136 515 4197 Pro
527 4137 624 4198 Breui
638 4138 809 4199 obtinendo
823 4139 906 4217 quod
919 4138 1023 4216 operis
1035 4139 1084 4199 tui
1098 4137 1271 4214 benignum
1285 4138 1430 4200 futurum
1445 4140 1487 4200 sit
1500 4140 1647 4218 elogium,

407 4256 514 4297 2011011
538 4237 597 4297 tibi
620 4237 774 4314 Georgius
789 4242 845 4298 aut
864 4236 987 4298 Marcus
1004 4236 1135 4314 rogandi
1155 4238 1290 4311 bierunt,
1307 4257 1442 4315 quorum
1459 4238 1512 4298 hic
1525 4239 1652 4317 iampri-

450 4335 522 4395 dem
535 4333 574 4394 ab
589 4336 674 4395 Vrbe
691 4336 787 4411 abest,
804 4335 859 4395 ille
873 4355 947 4396 vero
965 4334 1118 4413 proximis
1133 4333 1243 4394 diebus
1261 4338 1483 4396 autumnstum
1503 4338 1653 4413 seoessit;

449 4453 521 4494 oum
533 4433 729 4494 Cardinslem
744 4454 850 4494 meum
865 4437 997 4494 sanctor.
1011 4436 1152 4511 quatuor,
1164 4433 1326 4493 doctorum
1340 4435 1484 4494 omnium
1495 4435 1651 4497 fautorem

644 4582 702 4631 865.
722 4596 743 4630 r.
761 4581 795 4630 ad
807 4586 863 4632 odd.
877 4584 908 4631 Η.
1017 4594 1055 4642 19,
1067 4594 1109 4641 39,
1123 4593 1164 4641 51·
1182 4579 1265 4629 Breui
1277 4584 1315 4629 F:
1332 4582 1412 4631 breue
1423 4586 1453 4632 s.

482 4722 540 4772 864.
559 4733 597 4781 17.
622 4720 808 4784 Euangeliata]
837 4722 863 4770 A
891 4722 1025 4783 seoretmy
1110 4734 1149 4768 ιο.
1168 4719 1263 4850 intua]¹
1275 4720 1314 4769 cl.
1326 4720 1397 4771 Pers.
1409 4737 1432 4784 3.
1445 4737 1484 4783 ao

451 4786 540 4835 whose
563 4801 643 4835 name
669 4802 730 4849 msy
753 4788 786 4836 be
810 4788 902 4836 trsced
925 4788 954 4836 in
976 4786 1024 4835 the
1110 4799 1149 4848 19.
1167 4786 1250 4834 Breui
1282 4787 1399 4849 Ep.864.

451 4852 533 4913 Papal
551 4852 674 4913 registers
693 4853 813 4915 1518-29.
1107 4866 1148 4900 sc.
1166 4851 1308 4916 Georgius]
1325 4851 1426 4902 Riario.

482 4916 539 4965 865.
562 4932 584 4966 1.
603 4918 720 4984 Literae]
739 4919 791 4967 Not
802 4922 905 4967 extant.
1142 4916 1260 4980 Marcus]
1277 4918 1417 4980 Grimani3
1434 4919 1468 4969 oi.
1480 4920 1523 4983 Ep
1538 4920 1597 4968 860.
1607 4934 1650 4981 30.

483 4994 507 5043 7.
526 4983 650 5048 Flaccus]
666 4988 712 5042 Ep.
723 4999 747 5034 a.
763 4998 784 5034 1.
796 4998 822 5046 3.
1089 4991 1092 4996 '
1108 4997 1148 5032 aa.
1166 4981 1338 5034 Cardinalom
1350 4984 1455 5048 meum]
1474 4985 1503 5035 L.
1518 4982 1606 5034 Pucci.
