3867 6034
475 711 538 770 aas
823 710 1014 772 narrans
1042 711 1097 773 or
1123 675 1323 772 ernanus
1580 705 1677 790 [1518

447 866 587 938 stiteris,
604 867 687 943 quod
706 868 922 928 existimarem
942 870 1009 928 fore
1029 872 1067 929 vt
1087 887 1236 945 praesens
1256 869 1454 944 praesentem
1475 865 1681 942 amplecterer

449 1021 452 1029 .
476 965 528 1024 vel
556 964 696 1025 Rhomae
724 964 774 1024 vel
807 966 889 1042 apud
918 966 1070 1027 Eluetios.
1122 967 1286 1027 Eximium
1314 966 1494 1025 Antonium
1525 964 1680 1024 Puccium

476 1064 615 1140 legatum
635 1064 855 1141 Apostolicum
871 1064 923 1123 hio
945 1065 1071 1140 offendi,
1088 1064 1252 1125 hominem
1272 1064 1384 1123 multis
1406 1063 1534 1140 quidem
1554 1063 1680 1122 eximiis

475 1162 603 1221 dotibus
628 1161 872 1238 suspiciendum,
895 1163 1030 1223 etmihi
1054 1183 1119 1223 non
1144 1163 1207 1223 alio
1232 1163 1361 1222 nomine
1385 1162 1559 1221 chariorem
1583 1180 1679 1239 quam

475 1259 558 1337 quod
582 1259 752 1319 Bombaeio
775 1280 814 1321 ex
838 1261 947 1321 animo
971 1261 1051 1321 bene
1074 1261 1153 1322 vult.
1197 1261 1232 1320 Is
1258 1260 1313 1319 vbi
1338 1258 1494 1318 Basileam
1516 1278 1587 1317 sese
1609 1277 1680 1318 con·

434 1377 463 1412 ιο
475 1356 612 1430 balinet,
623 1359 768 1435 protinus
782 1377 838 1435 per
847 1377 923 1418 suos
937 1378 989 1418 me
1004 1357 1128 1432 salutat,
1139 1359 1257 1418 inuitat
1271 1359 1428 1416 instanter
1437 1356 1476 1414 ad
1487 1355 1680 1433 colloquium

428 1492 431 1498 -
474 1460 507 1515 et
520 1456 695 1533 prandium.
739 1454 821 1531 Quid
835 1455 973 1515 multis?
1000 1456 1118 1532 accepit
1132 1456 1261 1515 vmbros
1275 1474 1371 1519 meas,
1387 1454 1447 1512 hoc
1466 1456 1515 1510 est
1530 1472 1679 1530 eosquos

473 1555 556 1614 mihi
583 1559 674 1615 notos
701 1559 734 1615 et
762 1555 872 1614 charos
900 1573 971 1613 mea
998 1573 1093 1615 eausa
1117 1555 1276 1623 inuitamt,
1308 1553 1456 1629 inprimis
1484 1551 1618 1611 Beatum
1648 1557 1681 1612 et

474 1653 711 1727 Amorbaohios,
728 1653 788 1713 tibi
801 1672 926 1730 quoque
940 1655 1043 1712 notos.
1085 1652 1160 1729 Ipse
1174 1653 1225 1711 vir
1239 1655 1349 1711 tantus
1365 1653 1490 1709 coactus
1504 1652 1553 1709 eet
1571 1651 1606 1708 in
1620 1650 1680 1710 hoc

475 1744 647 1828 pistrinum
661 1752 856 1825 descendere,
873 1752 902 1810 si
916 1751 1013 1811 vellet
1027 1752 1196 1811 Erasmum
1211 1751 1382 1828 complecti.

434 1867 481 1914 ¹5·
515 1852 576 1912 Sed
600 1852 726 1912 ‘Vnde’
747 1853 870 1927 inquies
895 1852 1047 1913 ‘Erasmo
1066 1854 1191 1912 tantum
1214 1849 1415 1926 supercilii?'
1448 1847 1494 1906 Mi
1515 1848 1677 1918 Bombasi‚

428 1978 430 1981 >
474 1954 542 2010 tam
565 1949 777 2009 inhumanum
801 1952 928 2026 tamque
953 1950 1124 2026 superbum
1150 1970 1201 2009 me
1229 1968 1293 2008 non
1318 1948 1445 2007 animus
1470 1947 1524 2005 sed
1550 1945 1680 2006 morbus

473 2048 650 2109 reddiderat
677 2048 821 2108 omnium
849 2049 1123 2109 sceleratissimus.
1168 2048 1202 2108 Is
1224 2068 1275 2108 me
1296 2048 1368 2124 plus
1390 2064 1534 2105 mensem
1555 2046 1676 2119 afflixit,

472 2151 566 2225 atque
590 2168 628 2207 ex
651 2146 820 2207 interuallo
844 2147 888 2207 sic
913 2149 1039 2224 repetiit
1061 2150 1098 2208 vt
1123 2149 1260 2208 medicos
1285 2164 1480 2218 saceraotem,
1507 2145 1590 2222 quod
1613 2163 1679 2203 non

473 2247 558 2307 soleo
573 2246 637 2305 nisi
650 2264 722 2305 cum
739 2245 965 2322 propemedum
984 2244 1069 2305 tedet
1081 2246 1185 2306 vitae:
1205 2248 1237 2305 et
1256 2246 1301 2306 ita
1320 2245 1428 2304 haeret
1448 2244 1569 2303 malum
1588 2244 1679 2321 quasi

431 2360 461 2394 ²0
472 2345 640 2406 destinarit
667 2363 853 2421 expugnare.
898 2344 1018 2404 Paeeus
1045 2343 1084 2404 ad
1109 2362 1167 2404 noe
1193 2363 1340 2403 reuersus
1366 2362 1429 2402 non
1454 2342 1597 2420 epistolia
1623 2337 1677 2402 sed

474 2444 567 2504 iustis
582 2442 798 2502 voluminibus
817 2461 867 2501 me
884 2443 993 2502 crebro
1010 2444 1176 2503 salutauit:
1198 2462 1297 2519 neque
1311 2445 1418 2502 tamen
1436 2442 1570 2517 contigit
1587 2441 1679 2501 collo·

474 2541 536 2619 qui,
553 2542 635 2618 quod
657 2559 732 2599 mox
753 2559 773 2599 a
794 2539 877 2617 Rege
896 2542 992 2601 brerit
1017 2542 1052 2601 in
1073 2541 1275 2601 Britanniam
1294 2541 1470 2600 accersitus
1515 2540 1599 2599 Eum
1618 2540 1678 2599 tibi

474 2638 560 2699 cordi
573 2638 672 2698 fuisse
686 2638 769 2697 nihil
784 2637 910 2697 hercule
927 2639 1035 2713 miror,
1053 2640 1150 2715 ὅμοιον
1163 2640 1258 2717 ὁμοίῳ.
1303 2638 1337 2698 Is
1351 2638 1434 2715 apud
1448 2657 1522 2697 suos
1537 2637 1599 2697 dici
1613 2651 1677 2697 non

474 2738 576 2813 potest
601 2754 696 2812 quem
720 2736 764 2796 sit
787 2734 902 2795 charus
923 2734 1080 2811 omnibus,
1102 2736 1264 2813 praecipue
1288 2736 1365 2813 Regi
1390 2735 1623 2796 humanissimo
1647 2740 1679 2795 et

430 2850 460 2899 ²5
475 2833 635 2895 Cardinall
648 2834 717 2893 viro
730 2832 978 2909 incomparabili.

514 2932 590 3004 Scis,
607 2932 726 3009 optime
741 2931 902 3003 Bombeai,
919 2951 1014 3007 quam
1033 2951 1157 3009 semper
1175 2932 1390 2993 abhorruerim
1405 2931 1444 2992 ab
1462 2925 1545 2992 aulis
1564 2933 1677 3009 princi·

474 3049 571 3108 pum;
591 3049 685 3108 quam
696 3030 796 3089 vitam
806 3048 862 3105 ego
880 3029 967 3090 nihil·
977 3028 1062 3090 aliud
1073 3050 1141 3090 esse
1156 3030 1258 3091 iudico
1270 3050 1365 3107 quam
1376 3029 1575 3107 splendidam
1585 3031 1677 3090 mise·

474 3129 554 3189 riam
568 3148 604 3189 ac
618 3130 818 3204 personatam
832 3127 1034 3188 felicitatem:
1055 3130 1088 3188 at
1101 3129 1137 3188 in
1147 3129 1244 3189 talem
1259 3129 1365 3189 aulam
1379 3128 1485 3188 lubeat
1496 3128 1675 3204 demigrare,

474 3228 503 3288 si
523 3227 613 3287 liceat
632 3226 877 3286 reiuueneacere.
921 3225 999 3301 Rex,
1016 3226 1160 3286 omnium
1175 3248 1253 3304 quos
1275 3226 1368 3286 babet
1385 3227 1461 3285 haec
1478 3229 1563 3286 aetas
1578 3226 1678 3285 corda·

429 3325 629 3399 rodselmus,
658 3323 751 3385 bonis
780 3323 871 3384 libris
899 3322 1080 3384 delectatur.
1124 3325 1245 3402 Regina
1274 3344 1338 3384 non
1368 3326 1496 3384 tantum
1521 3325 1555 3383 in
1583 3343 1677 3383 sexus

474 3423 661 3483 miraculum
689 3422 814 3482 literata
842 3425 910 3496 est3
943 3441 1046 3500 neque
1074 3424 1182 3484 minus
1210 3425 1325 3500 pietate
1355 3423 1556 3499 suspicienda
1583 3440 1677 3498 quam

472 3520 659 3581 eruditione.
705 3519 801 3597 Apud
833 3520 891 3579 hos
925 3519 1101 3596 plurimum
1129 3520 1251 3598 pollent
1279 3522 1334 3597 qui
1361 3520 1454 3580 bonis
1478 3519 1589 3594 literis,
1622 3520 1677 3596 qui

473 3619 663 3695 integritate,
682 3618 736 3695 qui
756 3618 921 3694 prudentia
942 3619 1144 3680 antecellunt.
1188 3619 1326 3679 Thomas
1346 3619 1497 3678 Linaerus
1518 3617 1676 3677 medicum

473 3719 554 3795 agit:
574 3718 660 3777 hunc
671 3718 776 3776 virum
790 3717 911 3776 frustra
924 3718 984 3778 tibi
998 3718 1182 3794 praedicem,
1198 3738 1270 3777 cum
1285 3716 1375 3777 libris
1391 3717 1503 3776 aeditis
1516 3716 1619 3794 qualis
1633 3717 1677 3775 sit

430 3833 460 3882 3⁵
474 3815 609 3875 declaret
622 3815 697 3891 ipse.
741 3814 913 3875 (lutbertus
927 3813 1111 3875 Tunstallus
1131 3815 1178 3874 illi
1193 3819 1242 3874 est
1255 3835 1274 3874 a
1287 3815 1415 3873 scriniis
1430 3835 1437 3887 ;
1458 3815 1541 3890 quod
1559 3831 1677 3872 munus

474 3913 555 3991 apud
576 3913 649 3973 illos
670 3912 791 3989 primae
811 3911 976 3988 dignitatis
998 3912 1138 3973 habetur.
1183 3912 1254 3972 Non
1275 3912 1390 3986 credes,
1409 3911 1454 3970 mi
1475 3910 1580 3984 Paule,
1601 3928 1675 3969 cum

474 4011 558 4071 hunc
575 4011 715 4084 nomino,
735 4028 830 4086 quam
852 4010 1044 4070 immensum
1064 4011 1207 4071 omnium
1227 4010 1378 4069 bonarum
1396 4029 1500 4070 rerum
1520 3996 1675 4068 mundum

474 4107 670 4186 complectar.
716 4105 853 4166 Thomas
870 4103 976 4167 Morus
989 4113 1038 4167 est
1054 4126 1072 4168 a
1088 4107 1240 4182 consiliis,
1254 4126 1316 4166 non
1336 4091 1497 4168 Musarum
1513 4107 1606 4167 modo
1620 4107 1675 4166 sed

475 4209 616 4285 leporum
638 4210 669 4266 et
688 4206 869 4267 Gratiarum
888 4204 1036 4265 delitium
1049 4206 1195 4278 vnicum3
1217 4207 1306 4265 cuius
1329 4206 1493 4283 ingenium
1512 4205 1617 4283 aliqua
1637 4224 1676 4264 ex

507 4374 531 4421 ⁶.
550 4371 704 4420 Antonium
719 4373 755 4417 F:
773 4367 805 4416 D.
817 4372 847 4430 D,
860 4371 896 4415 eoi
907 4369 976 4419 Ant.
989 4369 1103 4418 Puceius
1113 4377 1161 4419 atat
1171 4375 1197 4418 in
1209 4386 1284 4430 marp.
1404 4386 1443 4431 13.
1460 4369 1564 4420 D¹FN⁸2
1582 4372 1688 4419 Amor.

475 4434 598 4487 hwehioe
609 4433 657 4485 D¹=
674 4434 868 4483 Amerbachiffl
881 4432 923 4482 N'·
1001 4448 1041 4496 27.
1059 4449 1117 4484 esse
1128 4452 1172 4485 ora.
1186 4440 1213 4484 F.
1296 4451 1335 4497 32.
1353 4437 1400 4498 qui
1413 4438 1571 4498 integritate
1583 4453 1628 4485 om.
1641 4439 1674 4483 ΙΙ.

510 4630 548 4677 13,
566 4617 596 4663 in
613 4615 664 4663 hoc
682 4614 845 4678 pistrinum]
863 4615 938 4664 John
954 4616 1049 4665 Gerto·
1099 4617 1225 4667 Froben'e
1236 4632 1310 4680 presa
1322 4620 1351 4666 in
1363 4618 1442 4666 order
1452 4621 1481 4666 to
1489 4633 1532 4666 see
1543 4619 1610 4666 him.

476 4682 567 4742 phius,
585 4683 616 4729 in
638 4696 655 4729 a
673 4684 841 4729 Recrtminatio
860 4682 966 4745 against
987 4681 1049 4743 Irae,
1135 4686 1172 4733 ιὰ
1190 4682 1312 4746 morbus]
1325 4683 1363 4732 cf.
1378 4684 1426 4745 Ep.
1439 4684 1496 4744 844.
1510 4698 1559 4745 ⁹93
1571 4696 1598 4732 n.

475 4747 562 4803 Beate,
576 4747 609 4795 A.
623 4746 779 4801 Cartander.
792 4746 864 4795 June
877 4760 948 4809 1520,
967 4762 992 4810 p.
1009 4761 1047 4807 13.
1132 4765 1172 4798 ao.
1190 4750 1225 4798 ad
1237 4748 1297 4811 nos]
1310 4747 1349 4798 Cf.
1362 4748 1410 4811 Ep.
1426 4752 1482 4810 70⁶·
1494 4764 1525 4811 27
1536 4763 1564 4797 n.
1671 4765 1675 4770 ·

475 4813 654 4861 mentionaan
663 4812 763 4861 Italian
770 4813 819 4874 Bp.
828 4814 941 4875 (clearly
947 4813 1048 4875 rucei),
1134 4815 1174 4864 ee.
1192 4814 1376 4879 personatam]
1388 4814 1429 4864 cf.
1442 4816 1502 4864 Seu.
1518 4819 1563 4873 Ep.
1575 4816 1616 4863 8ο.
1629 4816 1653 4862 8.

475 4877 536 4925 who
556 4878 634 4925 three
650 4878 732 4926 times
749 4878 857 4926 invited
876 4879 1004 4928 &samua
1023 4881 1050 4927 te
1165 4882 1196 4929 in
1207 4882 1288 4929 talem
1300 4879 1677 4944 aulum]Forothereulogies

474 4943 539 4992 dine
556 4942 611 4990 and
628 4958 684 5002 was
700 4942 816 5000 refused,
838 4944 893 4992 and
909 4948 938 4993 at
955 4944 1050 5007 length
1101 4944 1186 4993 ofthe
1198 4945 1312 5009 English
1323 4950 1401 4994 court
1416 4947 1504 4995 under
1520 4946 1616 5009 Henry
1632 4960 1677 4993 sce

476 5022 531 5058 was
550 5007 656 5070 obliged
674 5012 702 5056 to
719 5009 791 5056 welk
805 5009 874 5057 from
893 5010 938 5057 hia
954 5011 1005 5059 lnn
1021 5012 1050 5058 to
1102 5010 1238 5073 lippfler.
1254 5025 1307 5071 r-a,
1323 5012 1379 5073 837.
1392 5025 1466 5074 35-7‚
1478 5014 1605 5073 917,96⁴.
