3867 6034
444 692 506 751 398
792 690 983 753 LETTERS
1010 690 1065 751 OF
1092 690 1294 753 ERASMUS
1547 685 1647 771 [1518

443 853 509 910 erat
517 849 705 926 praelautus,
721 848 774 909 sed
786 848 866 908 mihi
876 848 1002 909 frustra
1047 847 1109 909 Vbi
1121 847 1330 910 coniouissem
1341 847 1539 910 stomachum
1549 845 1648 907 sorbi-

443 945 596 1021 tiuncula,
619 946 749 1006 domum
776 964 828 1006 me
854 944 999 1006 confero:
1028 944 1224 1006 dormiebam
1251 945 1339 1006 enim
1359 945 1442 1023 apud
1464 943 1645 1005 crantorem.

444 1043 615 1122 Egredior3
644 1043 688 1104 ibi
710 1062 822 1120 corpus
842 1042 936 1103 inane
956 1041 1037 1103 mire
1057 1043 1096 1103 ad
1118 1045 1311 1104 nocturnum
1332 1044 1453 1103 coelum
1474 1040 1646 1103 inhorruit

386 1165 433 1217 ¹40
445 1142 515 1202 Nox
528 1141 635 1219 grauis
647 1141 719 1202 luit.

484 1239 642 1301 Postridie
662 1258 755 1300 mane
775 1258 884 1301 rursus
904 1239 1018 1300 hausta
1037 1239 1202 1300 ceruisiola
1221 1239 1327 1316 tepida
1340 1258 1413 1299 cum
1426 1237 1535 1317 paucis
1555 1237 1651 1298 micis
1662 1254 1731 1316 Sept

443 1337 535 1414 panis
565 1356 683 1414 equum
711 1337 884 1397 conscendo
912 1336 1095 1397 morbidum
1117 1339 1149 1397 et
1169 1336 1336 1411 claudum3
1365 1351 1427 1414 quo
1447 1336 1511 1397 fuit
1530 1336 1650 1398 incom-
1663 1335 1693 1382 ¹⁹

444 1434 566 1495 medior
578 1434 737 1512 equitatio.
781 1434 851 1495 Iam
869 1433 914 1496 sic
932 1434 1064 1495 affectus
1083 1453 1172 1495 eram
1189 1437 1226 1495 vt
1243 1433 1344 1512 magis
1362 1433 1552 1495 conueniret
1566 1434 1650 1496 lecto

442 1532 605 1593 confoueri
624 1552 718 1610 quam
738 1552 818 1610 equo
838 1531 984 1593 insidere.
1030 1532 1092 1595 Sed
1113 1532 1198 1592 nihil
1218 1551 1255 1591 ea
1275 1531 1403 1610 regione
1423 1532 1574 1594 rusticius
1593 1536 1651 1595 aut

386 1649 432 1705 ¹45
456 1629 646 1691 uiuoundius
663 1633 718 1691 aut
737 1630 894 1692 sterilius:
915 1649 953 1691 ea
963 1633 1013 1691 est
1030 1631 1134 1708 gentis
1151 1630 1288 1707 ignauia.
1332 1630 1402 1705 Quo
1417 1631 1517 1707 magis
1530 1629 1651 1693 libebat

443 1727 587 1805 effugere.
630 1726 803 1789 Latronum
816 1727 1106 1805 periculum-nam
1127 1728 1174 1789 ibi
1193 1747 1357 1789 summum
1379 1730 1543 1789 erat-aut
1564 1732 1651 1790 certe

445 1828 567 1887 metum
580 1826 719 1887 extrudit
731 1826 835 1886 morbi
849 1826 1003 1888 molestia.

486 1926 556 1986 Iam
574 1927 646 1985 tum
662 1944 734 1985 cum
752 1943 853 1985 essem
872 1924 1022 1998 Basileae,
1040 1923 1118 1986 dum
1132 1943 1170 1984 ex
1184 1943 1272 1984 more
1285 1923 1389 2001 scalpo
1404 1926 1509 2001 partes
1522 1924 1651 2002 inguini

445 2023 564 2083 vicinas
583 2024 623 2083 ad
641 2022 870 2101 prouocandam
889 2023 1007 2098 aluum,
1027 2022 1138 2083 acriori
1155 2022 1278 2099 scalptu
1298 2022 1358 2082 sub
1377 2042 1455 2083 coxa
1475 2023 1547 2083 leua
1566 2041 1651 2084 aum·

386 2143 433 2195 150
445 2141 532 2183 nram
545 2130 650 2183 cutem
664 2120 910 2199 perstrinxeram
926 2121 1035 2198 ungui.
1081 2121 1173 2181 Idem
1190 2120 1303 2181 accidit
1324 2120 1358 2180 in
1377 2121 1509 2198 inguine
1526 2121 1648 2197 dextro,
1683 2189 1689 2198 ,

445 2222 499 2281 sed
512 2220 587 2281 hinc
601 2240 701 2298 neque
714 2219 803 2280 dolor
815 2218 900 2280 vllus
914 2239 1016 2297 neque
1029 2217 1226 2279 exulceratio.
1271 2217 1310 2279 Id
1325 2219 1409 2296 quod
1424 2221 1492 2279 erat
1505 2220 1566 2279 sub
1580 2217 1652 2280 leus

446 2339 523 2381 coxa
536 2320 626 2380 bidui
633 2319 832 2395 equitatione,
844 2338 906 2396 qua
921 2321 1133 2396 Argentorato
1148 2318 1273 2395 Spiram
1287 2317 1426 2394 perueni,
1438 2317 1552 2378 leuiter
1565 2317 1652 2379 exul·

446 2421 585 2478 ceratum
600 2417 670 2492 luit,
685 2418 739 2478 sed
755 2418 800 2477 ita
813 2420 849 2477 vt
865 2436 930 2477 uon
943 2417 1113 2477 sentiretur
1129 2415 1193 2476 uisi
1212 2415 1400 2477 insedissem
1417 2415 1649 2477 vehementius

447 2514 518 2575 Hoc
536 2514 656 2575 malum
671 2514 729 2575 hac
742 2516 913 2591 posteriore
926 2514 1120 2593 equitatione
1134 2514 1179 2575 sic
1194 2514 1414 2574 exacerbatum
1428 2516 1483 2588 est,
1500 2514 1652 2591 quoniam

388 2631 435 2684 ¹5⁵
447 2631 485 2673 ea
496 2616 584 2689 parte
597 2613 777 2689 premebam
787 2632 911 2690 equum,
922 2616 958 2672 vt
971 2615 1059 2673 totus
1071 2612 1127 2673 iile
1140 2611 1228 2673 locus
1238 2611 1446 2673 incalesceret
1483 2611 1653 2673 Praeterea

448 2710 607 2789 quoderat
620 2710 655 2770 in
668 2710 740 2770 leuc
750 2709 880 2787 inguine
893 2710 1014 2771 modice
1027 2710 1191 2782 intumuit,
1202 2709 1257 2769 sed
1266 2708 1380 2786 glande
1393 2728 1472 2787 quae
1486 2729 1559 2770 cum
1571 2710 1653 2788 pelle

448 2809 720 2884 circumageretur,
740 2808 879 2886 citraque
899 2807 1082 2868 cruciatum.
1133 2808 1185 2868 Ad
1208 2807 1287 2868 baec
1312 2808 1347 2868 in
1367 2807 1498 2868 sinistro
1520 2808 1653 2886 inguine

448 2925 574 2968 summo
594 2905 759 2967 subortum
779 2908 848 2966 erat
867 2904 1022 2982 paulatim
1042 2924 1211 2983 augescens
1228 2906 1321 2966 tuber
1342 2905 1500 2983 quoddam
1521 2905 1648 2981 durum,

448 3004 504 3065 sed
521 3004 637 3081 absque
657 3002 762 3064 dolore
782 3006 814 3064 et
832 3003 901 3063 sine
918 3002 1158 3064 exulceratione
1203 3003 1393 3081 Equitabam
1407 3007 1515 3064 autem
1528 3003 1571 3064 iia
1584 3024 1655 3082 par·

389 3108 437 3159 roo
448 3102 535 3163 tibus
547 3122 659 3180 parum
673 3122 692 3162 a
704 3105 800 3163 vento
814 3101 959 3162 defensis

490 3200 647 3262 Confectis
660 3219 697 3260 eo
707 3218 799 3261 cursu
814 3202 949 3276 quatuor
962 3217 1113 3276 passuum
1125 3198 1257 3260 milibus
1270 3202 1464 3276 peruentum
1474 3199 1650 3261 Mastricht

450 3297 522 3360 Illic
539 3298 765 3359 sorbitiuncula
783 3301 939 3375 vecunquo
953 3297 1078 3357 confoto
1091 3297 1253 3357 stomacho
1267 3317 1376 3359 rursus
1390 3297 1543 3359 inscensis
1561 3298 1652 3376 equis

450 3397 591 3474 Tungros
610 3395 706 3457 adeor
736 3395 769 3457 id
790 3395 942 3473 oppidum
962 3395 1051 3457 abest
1071 3396 1173 3456 tribus
1194 3395 1325 3457 milibus
1348 3415 1508 3474 passuum.
1560 3395 1651 3456 Haec

450 3497 608 3572 postrema
617 3492 769 3572 equitatio
778 3492 859 3554 mihi
869 3493 963 3570 longe
972 3493 1159 3571 grauissm
1171 3494 1242 3555 init.
1274 3494 1499 3555 Incommodus
1508 3494 1651 3555 incessus

391 3595 436 3662 1⁶5
450 3592 523 3671 equi
543 3593 622 3653 mire
641 3592 808 3670 torquebat
828 3611 927 3652 renes.
978 3592 1184 3653 Tolerabilius
1207 3592 1409 3653 ambulabam
1431 3592 1570 3670 pedibus,
1594 3593 1649 3653 sed

451 3691 628 3752 metuebam
638 3690 794 3765 sudorem,
806 3693 838 3750 et
848 3690 1020 3768 periculum
1031 3693 1097 3751 erat
1113 3711 1152 3752 ne
1166 3710 1230 3751 nox
1243 3690 1277 3751 in
1288 3691 1372 3769 agris
1383 3709 1442 3751 nos
1451 3694 1632 3768 occupasset
1643 3712 1652 3764 3

453 3790 556 3866 itaque
570 3787 746 3849 incredibili
759 3787 857 3849 totius
871 3788 1008 3866 corporis
1022 3787 1170 3864 cruciatu,
1186 3788 1348 3865 praecipue
1362 3807 1475 3849 renum
1488 3790 1521 3848 et
1540 3788 1649 3866 epatis,

450 3887 592 3966 Tongroe
613 3886 769 3965 peruenio.
819 3885 888 3945 Iam
918 3886 958 3946 ob
987 3885 1125 3948 inediam
1146 3906 1182 3946 ao
1203 3886 1341 3947 laborem
1362 3886 1486 3947 inediae
1506 3886 1650 3947 additum

451 4004 562 4047 omnes
577 3982 716 4063 corporis
730 3983 819 4044 nerui
833 3984 1026 4059 defeceraut;
1047 3986 1125 4046 adeo
1138 3987 1173 4045 vt
1187 4003 1244 4045 nec
1258 3984 1371 4044 firmus
1383 3986 1465 4044 esset
1480 3987 1582 4045 status
1594 3975 1651 4045 aut

391 4098 439 4153 170
452 4083 600 4144 incessus.
654 4082 893 4159 Lingua-uam
914 4100 951 4142 ea
971 4081 1378 4144 valebat-dissimulabam
1399 4080 1501 4141 morbi
1528 4080 1650 4159 magni·

452 4182 603 4244 tudinem.
647 4179 710 4240 Hic
724 4178 904 4240 ceruisiaria
916 4178 1144 4241 sorbitiuncula
1157 4180 1223 4241 foto
1235 4178 1396 4240 stomacho
1409 4178 1552 4240 cubitum
1562 4200 1608 4240 eo.

491 4279 583 4340 Mane
604 4279 696 4339 iubeo
717 4277 849 4339 conduci
870 4277 975 4355 bigam
997 4279 1121 4339 tectam.
1172 4276 1253 4338 Mihi
1273 4277 1379 4338 visum
1400 4280 1450 4337 est
1478 4276 1518 4336 ob
1548 4276 1696 4339 silicesao

484 4458 538 4506 144·
555 4443 628 4493 nibil
645 4478 692 4494 ...
713 4455 767 4503 145.
784 4443 894 4504 ignauia
907 4446 946 4490 E:
968 4456 1001 4491 ea
1017 4444 1089 4504 regio
1105 4455 1161 4490 non
1178 4455 1275 4503 parum
1293 4440 1376 4489 habet
1393 4440 1563 4502 rusticitatis,
1578 4453 1651 4488 com·

449 4509 590 4559 meditatis
604 4511 651 4558 aut
665 4507 816 4570 elegantiae
831 4507 990 4568 minimum,
1000 4509 1028 4556 et
1043 4507 1103 4556 illic
1119 4506 1190 4555 mihi
1209 4520 1245 4555 ne
1260 4506 1351 4555 valere
1368 4506 1480 4568 quidem
1496 4506 1562 4554 satis
1580 4509 1651 4554 essct

449 4574 628 4636 commodum,
642 4573 744 4623 nedum
755 4576 892 4636 aegrotare
903 4578 931 4623 F.
1018 4574 1073 4633 146.
1090 4574 1138 4621 aut
1149 4574 1220 4621 certe
1232 4575 1336 4621 metum
1347 4574 1405 4620 odd.
1417 4576 1445 4619 F.
1529 4584 1585 4632 1⁴7·
1604 4584 1649 4619 ex·

450 4640 537 4689 trudit
559 4645 581 4689 F
599 4644 694 4689 mr
721 4638 828 4687 extudit
849 4637 915 4688 nm.
1027 4652 1084 4699 15²·
1111 4638 1290 4701 Argentorato
1312 4641 1349 4685 Ii:
1377 4636 1409 4685 ab
1432 4637 1599 4698 Agentorato
1619 4639 1648 4685 Ε.

452 4707 506 4755 161.
523 4705 666 4754 liastricht
676 4709 716 4753 E:
733 4708 775 4753 est
785 4703 819 4753 ad
832 4703 923 4754 Mosae
933 4704 1076 4753 traiectum
1089 4707 1117 4753 Il.

485 4870 539 4914 157·
556 4854 793 4918 circumageretur]
810 4853 850 4903 cf.
859 4852 889 4902 ll
898 4867 955 4915 aaa,
964 4865 1021 4913 213.
1074 4852 1155 4901 about
1166 4851 1227 4900 iour
1237 4849 1352 4914 English
1365 4849 1452 4901 miles.

484 4923 537 4970 161.
557 4933 685 4981 passuum
696 4918 822 4982 milibus]
838 4919 875 4969 In
884 4919 1021 4968 Erasmus’
1139 4916 1295 4980 Mastricht]
1308 4916 1460 4966 'lhalectum
1473 4916 1562 4965 Mosae
1574 4915 1648 4978 qnod

447 4983 624 5034 calculatione
643 5000 695 5034 one
711 4985 778 5035 mile
794 4998 881 5035 seems
896 4987 926 5034 to
941 4983 1022 5047 equal
1073 4985 1169 5033 vocant
1186 4982 1317 5032 inferius:
1340 4982 1363 5030 Ε
1380 4987 1407 5030 in
1423 4997 1499 5041 marg.
