3867 6034
460 704 522 766 aaa
811 701 1001 766 narrans
1027 702 1082 766 or
1108 702 1310 768 aaaenus
1569 697 1667 784 [1518

461 862 609 941 spondeo,
632 860 748 922 bonam
770 863 893 939 partem
914 859 1040 935 reaecui,
1063 859 1098 920 in
1119 878 1181 938 qua
1199 859 1388 922 videbantur
1406 878 1474 921 oeae
1494 878 1576 939 quae
1596 876 1666 923 nou

461 960 630 1021 iudicarem
645 957 827 1038 euulganda

503 1058 642 1118 Rursum
656 1056 739 1135 quod
755 1056 921 1134 epistolam
938 1058 1027 1116 tuam
1045 1055 1199 1132 prolixam
1218 1055 1366 1132 dixeram,
1383 1056 1429 1117 sic
1447 1054 1668 1133 interpretaris

462 1174 689 1233 eupemacanea
712 1156 745 1215 et
769 1152 959 1215 redundanti
982 1151 1172 1230 loquacitate
1195 1153 1344 1215 odiosam.
1389 1152 1473 1215 Item
1496 1152 1582 1230 quod
1606 1151 1670 1214 elo·

402 1274 449 1328 5³5
462 1254 608 1333 quentiae
622 1252 748 1313 laudam
765 1250 827 1312 tibi
847 1250 1019 1313 concedens
1041 1254 1139 1313 teator
1158 1271 1211 1314 me
1231 1252 1266 1312 in
1287 1252 1346 1314 hoc
1367 1255 1553 1330 argumento
1574 1270 1670 1313 canaa

461 1351 654 1431 superiorem
678 1368 747 1411 aeae
770 1365 870 1427 pocae,
883 1349 929 1409 aio
952 1348 1168 1428 interpretaris
1195 1349 1284 1427 quani
1307 1353 1429 1429 praeter
1450 1349 1582 1410 inanem
1598 1369 1669 1411 ver·

417 1482 419 1486 ·
462 1449 576 1512 borum
590 1451 776 1526 apparatum
790 1445 873 1508 nihil
886 1446 946 1508 tibi
960 1447 1116 1509 tribuam:
1137 1452 1170 1509 et
1187 1448 1350 1526 posthaec
1369 1468 1421 1509 me
1434 1446 1517 1509 male
1530 1449 1669 1527 auspica-

462 1567 530 1609 cem
554 1567 618 1608 non
640 1565 704 1608 vno
729 1545 764 1605 in
786 1544 855 1605 looo
878 1564 980 1606 vocaa
1024 1547 1126 1624 Atqui
1148 1566 1276 1625 peneum
1296 1545 1464 1607 illudvere
1483 1546 1522 1606 de
1544 1546 1669 1626 meipao

461 1645 659 1725 praedicare:
678 1661 794 1722 paucos
800 1643 934 1722 reperies
944 1643 1000 1721 qui
1010 1643 1191 1707 inamicitia
1198 1646 1306 1706 minua
1316 1664 1410 1722 quam
1423 1663 1481 1723 ego
1491 1643 1669 1723 auspicacea

402 1744 547 1820 540aunt.
577 1741 678 1805 Porro
697 1739 780 1818 quod
801 1759 896 1817 negas
916 1739 1085 1819 quicquam
1105 1762 1172 1803 eaae
1192 1742 1226 1802 in
1248 1742 1313 1802 tuis
1331 1740 1433 1803 literis
1450 1742 1534 1819 quod
1553 1761 1621 1803 non
1633 1743 1668 1802 in

462 1840 594 1919 glorIam
615 1858 718 1900 meam
738 1855 900 1899 oeaaurum
921 1838 1061 1912 citrum
1084 1839 1240 1901 incertum
1264 1840 1306 1900 eit
1329 1840 1444 1917 vbique
1468 1839 1602 1901 ludaane
1625 1860 1667 1901 an

463 1939 544 2002 aerio
565 1957 648 2016 agae,
672 1937 766 1998 citius
787 1955 824 1997 ea
844 1956 899 2013 per
923 1938 1026 1998 iocum
1051 1937 1134 2000 dicta
1155 1937 1348 1999 videbuntur
1372 1956 1452 2015 quae
1475 1938 1516 1999 ad
1539 1937 1668 1999 laudem

463 2055 568 2099 meam
587 2035 716 2109 iaciunt,
733 2051 827 2111 quam
846 2033 962 2111 quibua
980 2055 1033 2095 me
1048 2035 1198 2113 flagellas.
1242 2035 1389 2097 Etiamne
1407 2035 1463 2097 illa
1480 2034 1562 2096 mihi
1580 2035 1668 2098 laudi

462 2134 570 2196 futura
593 2137 677 2208 sunt,
693 2132 777 2210 quod
798 2151 850 2192 me
869 2152 1030 2209 procacem
1051 2133 1129 2195 facia
1148 2134 1183 2195 in
1203 2133 1300 2195 talem
1316 2133 1461 2208 amicum,
1477 2136 1561 2211 quod
1583 2153 1668 2196 nunc

403 2258 450 2309 5⁴5
463 2252 537 2311 prae
560 2231 740 2293 iracundiae
760 2230 946 2309 impotentia
965 2232 1237 2310 praemordentem
1258 2231 1418 2308 labellum,
1438 2251 1523 2293 nunc
1543 2231 1669 2311 supplo-

464 2332 591 2393 dentem
625 2328 711 2407 pede,
739 2348 825 2389 nunc
855 2329 948 2390 deum
981 2332 1076 2407 atque
1107 2330 1273 2391 hominum
1306 2330 1402 2392 iidem
1431 2329 1666 2407 implorantem,

464 2434 556 2507 atque
570 2428 616 2488 ita
629 2425 877 2488 tumultuantem
898 2427 945 2487 ira
958 2430 994 2488 vt
1013 2430 1049 2489 tu
1070 2431 1195 2490 coactus
1215 2428 1259 2489 aia
1280 2447 1336 2488 ceu
1352 2427 1669 2506 nouuaPyibagoraa

463 2525 618 2605 spondeos
639 2524 779 2585 occinere
807 2543 844 2585 ao
871 2544 923 2585 me
949 2524 1032 2586 mihi
1058 2527 1247 2588 restituere?
1275 2544 1354 2605 quae
1382 2525 1463 2587 mibi
1491 2543 1568 2587 eane
1595 2545 1668 2590 oum

464 2625 530 2686 riau
543 2623 704 2700 leguntur,
718 2621 803 2699 quod
816 2621 894 2682 satie
908 2621 1085 2700 intelligam
1104 2628 1135 2685 te
1149 2623 1295 2685 iocatum.
1339 2623 1426 2685 Illud
1439 2622 1534 2684 modo
1548 2643 1667 2700 vereor,

405 2748 453 2798 55ο
466 2742 506 2784 ne
530 2740 594 2783 non
617 2720 728 2780 itidem
748 2719 996 2797 interpretentur
1015 2723 1137 2783 caeteri
1179 2720 1318 2798 Quodsi
1341 2725 1379 2783 tu
1401 2741 1453 2783 me
1473 2720 1563 2782 iubea
1582 2721 1670 2783 hunc

465 2822 586 2883 metum
604 2837 727 2897 ponere,
743 2820 774 2878 et
798 2816 907 2877 eadem
927 2821 976 2879 eat
997 2819 1168 2881 amicorum
1189 2822 1317 2882 tuorum
1337 2818 1502 2896 sententia,
1517 2838 1575 2898 age
1594 2820 1670 2883 lude

466 2923 522 2981 tuo
535 2916 696 2990 arbitratu,
713 2934 819 2975 exerce
839 2916 1003 2991 calamum,
1019 2915 1143 2992 lacesse,
1159 2936 1258 2979 verca.
1302 2917 1408 2979 Meum
1428 2917 1573 2977 animum
1586 2937 1669 2979 nun·

466 3036 561 3097 quam
581 3016 730 3091 offender,
745 3014 870 3093 quando
891 3015 931 3076 de
950 3017 1008 3076 tuo
1028 3018 1132 3077 certus
1152 3016 1233 3077 mihi
1252 3016 1370 3078 videor.
1413 3014 1449 3076 si
1469 3014 1606 3091 videtur,
1628 3016 1668 3079 ad

465 3115 642 3194 proximam
656 3112 846 3173 aeditionem
860 3111 1048 3191 adiungetur
1060 3115 1116 3175 tua
1127 3114 1268 3192 epistola

406 3237 453 3288 555
506 3213 559 3276 He
579 3211 661 3275 nihil
682 3211 814 3273 offendit
833 3210 921 3272 locus
941 3232 1037 3290 quem
1056 3217 1197 3287 cunctae,
1217 3214 1294 3275 adeo
1313 3210 1395 3273 mihi
1420 3214 1474 3273 tua
1497 3212 1671 3290 probantur

466 3313 589 3375 omnia:
610 3330 713 3388 neque
725 3328 842 3384 vereor,
856 3309 1005 3387 quicquid
1019 3331 1151 3390 requam
1164 3312 1220 3373 aba
1233 3315 1264 3373 ta
1282 3312 1435 3391 scriptum
1449 3314 1506 3383 eat,
1521 3309 1591 3372 aine
1604 3310 1670 3372 vllo

467 3412 589 3474 delectu
612 3409 710 3488 aequi.
753 3408 891 3470 Proinde
915 3409 974 3470 tibi
998 3410 1181 3486 videndum,
1203 3430 1274 3472 cum
1298 3411 1338 3471 ad
1362 3431 1413 3472 me
1436 3409 1608 3487 scripseris,
1633 3414 1670 3473 vt

466 3510 633 3587 vtriuaque
653 3507 793 3586 periculo
813 3506 968 3569 comulas.
1010 3508 1071 3569 Sed
1091 3509 1240 3570 actalius
1259 3509 1350 3570 locus
1369 3507 1667 3587 inprimapagella,

467 3608 505 3668 ad
520 3626 614 3684 quem
628 3604 773 3666 nonnihil
786 3603 889 3664 restiti
900 3626 908 3680 3
930 3624 1005 3666 nam
1018 3624 1128 3668 varana
1141 3626 1224 3668 vnua
1237 3609 1292 3668 aut
1308 3607 1388 3668 alter
1400 3606 1506 3667 nescio
1520 3626 1583 3683 quo
1595 3624 1671 3667 casu

407 3711 456 3778 560
468 3704 633 3765 videbatur
658 3701 848 3776 interiectus,
872 3703 928 3778 qui
955 3721 1028 3763 cum
1056 3702 1175 3781 reliquo
1201 3704 1357 3765 sermonis
1383 3704 1532 3764 contextu
1556 3722 1673 3781 parum

468 3802 677 3881 congruebat:
698 3800 786 3862 cuiue
807 3799 936 3860 initium
958 3804 1006 3861 eat
1030 3800 1145 3863 ‘Faber
1163 3804 1255 3863 toties
1269 3823 1288 3863 a
1301 3802 1370 3863 me’
1383 3806 1447 3878 dc„
1464 3801 1537 3862 finis
1553 3801 1672 3863 ‘Doleo

468 3920 577 3962 ansam
591 3901 674 3962 banc
687 3898 800 3970 datam,
815 3901 847 3957 ot
859 3897 998 3977 reliqua’
1038 3899 1086 3960 Tu
1101 3899 1228 3978 dispice.

508 3997 665 4059 Salutabis
678 3995 759 4056 mibi
772 4000 844 4056 tuos
861 3996 987 4073 amicae,
1003 4016 1090 4059 meos
1103 4003 1258 4077 patronos,
1274 3997 1445 4059 Deloinum
1464 3999 1495 4058 et
1508 3998 1672 4071 Ruzeum;

468 4115 543 4158 nam
558 4095 593 4155 in
606 4094 780 4172 praesentia
793 4114 858 4154 non
872 4095 1002 4156 vacabat
1014 4095 1157 4173 pluribus
1170 4096 1312 4158 scribere

408 4195 455 4264 5⁶5
508 4195 597 4255 Bene
610 4192 689 4266 vale,
706 4190 840 4252 Louanii
854 4210 899 4251 x1.
914 4191 1066 4254 calendae
1079 4193 1252 4269 Ianuariae,
1267 4196 1544 4254 Annonariam.

508 4325 576 4400 Qvo
603 4322 663 4382 aim
691 4322 726 4381 in
753 4324 786 4381 te
812 4321 919 4382 animo
938 4322 991 4384 vel
1018 4322 1191 4385 Glareanus
1218 4321 1308 4383 testis
1335 4341 1401 4383 ease
1428 4320 1551 4399 poterit,
1577 4321 1673 4381 home

468 4422 601 4483 minime
621 4420 752 4480 fucatus.
794 4419 882 4494 Quod
904 4419 931 4479 si
952 4420 1029 4498 quid
1051 4419 1181 4481 offendit
1201 4419 1277 4480 haec
1296 4419 1434 4496 epistola
1450 4422 1526 4498 puta
1540 4417 1673 4479 maiam

615 4563 672 4610 540.
691 4550 756 4597 aunt
767 4552 802 4596 B:
822 4550 915 4598 sintii
1005 4563 1061 4612 54¹·
1082 4549 1195 4601 ludaane
1206 4550 1339 4609 necata:
1356 4547 1487 4598 laudeane
1498 4551 1527 4597 Ε.

501 4672 559 4721 531·
577 4659 806 4775 refflmcffi
820 4675 875 4775 ⁷ir⁴'
889 4675 929 4774 {a
940 4661 982 4721 ⁸4·
1128 4675 1185 4721 aar·
1203 4658 1380 4772 waringew]
1393 4658 1441 4721 Er·
1453 4660 1510 4721 ⁰9⁶·
1526 4671 1565 4720 τᾳ

502 4739 671 4854 saiixblam]
683 4791 732 4853 Ep.
744 4725 839 4853 roei.
854 4741 880 4788 p·
914 4741 951 4776 m·
1128 4741 1186 4855 {a
1197 4723 1530 4854 ibibietb]lffln⁵pi7⁷7⁸
1538 4788 1593 4838 had
1601 4789 1672 4838 boen

536 4855 736 4920 interpretaris]
749 4857 798 4920 Ep.
811 4858 868 4919 896.
881 4858 948 4921 37,8.
1095 4860 1123 4906 to
1145 4856 1273 4907 Martana’
1292 4857 1362 4906 later
1383 4855 1496 4906 edition.
1531 4854 1588 4903 But
1613 4854 1673 4908 thie

502 4924 560 4983 536.
578 4921 756 4985 superiorem]
767 4922 814 4985 Ep.
825 4923 883 4984 869.
896 4937 979 4985 11‚1a.
1095 4936 1152 4971 waa
1161 4925 1210 4971 not
1220 4921 1297 4973 done.

536 4987 736 5052 interpretaris]
748 4988 796 5051 Ep.
808 4988 865 5051 8ςὰ
877 5003 917 5051 as.
1127 4989 1184 5050 558.
1201 4987 1272 5038 aliua
1282 4985 1366 5052 locus]
1382 4986 1430 5051 Ep.
1443 4987 1500 5037 810.
1513 4986 1588 5048 34-8.
