3867 6034
346 685 424 770 ⁶4⁸]
740 694 795 756 ro
822 696 910 757 rna
938 697 1112 760 unauna
1506 702 1544 761 τι

344 844 514 906 videbatur
529 851 664 923 mein,
679 852 716 910 vt
733 849 776 910 sit
796 851 971 913 trochaicus
989 851 1309 931 brachycatalecticua
1353 856 1483 917 Certum
1498 861 1546 918 est

343 961 412 1004 esse
426 943 599 1006 clausulam
613 946 749 1009 Graecae
762 949 944 1010 comoediae.
979 949 1193 1013 Praecesserat
1205 956 1311 1014 autem
1324 953 1359 1013 in
1373 955 1546 1032 exemplari

344 1045 454 1103 nostro
474 1044 507 1102 et
528 1042 609 1104 alter
627 1044 703 1106 huic
724 1045 841 1107 similis
860 1047 1044 1123 trochaicus,
1066 1051 1122 1109 aut
1142 1052 1223 1110 certe
1243 1049 1474 1129 hemistichion,
1491 1053 1545 1114 sed

343 1139 457 1217 figuris
478 1140 706 1204 elementorum
730 1144 806 1205 adeo
830 1145 1008 1223 deprauatis
1031 1150 1067 1207 vt
1090 1147 1165 1225 quid
1190 1148 1344 1226 scriptum
1372 1153 1453 1211 esset
1481 1169 1546 1211 non

344 1236 540 1315 quinarimus
552 1239 710 1301 coniicere.
1559 1270 1590 1320 ⁴5

385 1334 458 1397 Iam
472 1336 555 1414 quod
569 1339 618 1398 eet
630 1338 664 1399 in
677 1338 875 1416 Vespasiano,

953 1456 975 1514 ὦ
995 1457 1102 1536 Λάχης,
1124 1460 1231 1538 Λάχης,

511 1549 580 1609 ὅταν
599 1547 623 1609 δ’
642 1552 785 1630 άποθάνης
805 1551 883 1615 αὖθις
903 1551 936 1621 ἐξ
953 1556 1081 1634 ὑπαρχῆς
1103 1557 1201 1636 εἷρήση
1223 1558 1362 1634 Κήρυλος,

345 1694 373 1753 si
388 1693 464 1771 quid
480 1693 724 1771 suffragarentur
736 1693 935 1773 exemplaria,
952 1694 1065 1757 lubens
1077 1696 1207 1775 legerim
1221 1698 1359 1762 adhunc
1373 1698 1519 1760 modum:

955 1844 977 1903 ὧ
997 1845 1104 1923 Λάχης,
1126 1846 1231 1925 Λάχης,
1559 1887 1591 1937 50

630 1940 697 2001 ὅταν
716 1939 740 1999 δ’
760 1941 902 2020 ἀποθάνῃς
922 1942 1001 2006 αὖθις
1021 1944 1095 2021 ἔσσῃ
1117 1944 1258 2020 Κήρυλος,

346 2087 379 2148 id
394 2088 452 2161 est,
950 2089 977 2149 Ο
991 2088 1118 2165 Laches,
1134 2089 1261 2164 Laches,

551 2186 597 2247 At
617 2185 671 2246 vbi
693 2189 836 2246 mortuus
856 2185 962 2261 fueris,
985 2205 1094 2247 rursus
1114 2185 1176 2248 eris
1197 2186 1342 2266 Cerylus:

346 2285 381 2342 rt
400 2283 424 2343 d
441 2283 541 2362 Λάχης
559 2284 657 2363 Λάχης
674 2285 716 2345 sit
735 2282 874 2344 clausule
891 2282 1006 2361 prioris
1025 2283 1181 2357 carminis,
1200 2284 1251 2345 cui
1270 2284 1408 2346 succedit
1427 2285 1549 2363 integer

345 2380 501 2442 iambicus
513 2379 664 2458 trimeter,
679 2380 805 2442 tametsi
820 2381 879 2442 hac
893 2380 932 2441 de
945 2400 978 2440 re
993 2381 1093 2441 nolim
1107 2382 1301 2442 contendere.
1561 2396 1592 2445 55

387 2480 554 2541 Caeterum
582 2478 620 2540 de
643 2498 848 2540 nummorum
872 2477 1023 2555 analogia,
1051 2478 1178 2556 siquid
1206 2499 1224 2540 a
1251 2477 1379 2539 Budaeo
1402 2478 1549 2541 dissentit

347 2577 510 2655 Egnatius,
530 2577 675 2637 Portium
694 2596 789 2638 suum
806 2580 939 2651 secutus,
956 2576 1041 2654 quod
1060 2576 1151 2636 nobis
1170 2596 1226 2637 nec
1244 2576 1348 2637 ocium
1364 2577 1550 2656 suppetebat

347 2694 405 2735 nec
419 2674 558 2736 adhunc
576 2674 715 2736 laborem
733 2674 857 2752 proprie
874 2673 1062 2751 pertinebat,
1079 2694 1142 2734 non
1160 2674 1221 2735 fuit
1239 2675 1380 2736 studium
1396 2679 1546 2737 excutere.

347 2772 542 2834 Addidimus
563 2774 669 2834 autem
694 2772 840 2848 indicem,
864 2792 925 2850 quo
949 2771 1152 2849 potissimum
1175 2772 1397 2834 annotauimus
1421 2775 1449 2834 si
1473 2773 1549 2851 quid

349 2890 432 2930 noue
452 2874 634 2949 praeterque
656 2870 852 2947 superiorum
876 2872 1025 2930 autorum
1048 2870 1318 2946 consuetudinem,
1343 2873 1397 2932 aut
1421 2872 1449 2932 si
1473 2871 1595 2950 quidoo

348 2970 446 3029 etiam
470 2967 655 3029 Graecanica
679 2967 800 3028 dictum
820 2969 877 3041 eat,
901 2986 940 3028 ne
962 2967 1044 3027 nihil
1064 2968 1107 3028 sit
1127 2967 1208 3028 lucri
1229 2968 1312 3046 quod
1335 2967 1484 3030 lectorem
1509 2969 1549 3029 ad

347 3066 518 3128 emendum
532 3066 653 3126 inuitat
698 3065 762 3126 Nec
780 3065 841 3127 hoc
858 3070 964 3126 tamen
984 3064 1089 3126 solum
1107 3067 1238 3140 accedet,
1254 3066 1378 3145 quinat
1399 3067 1549 3145 quicquid

347 3165 460 3226 adiecit
485 3162 645 3241 Egnatius,
671 3162 722 3223 hia
750 3163 855 3238 habes,
882 3166 913 3224 et
937 3165 1095 3242 praeterea
1119 3164 1271 3225 nonnulla
1299 3184 1377 3241 quae
1405 3185 1463 3225 nos
1489 3165 1549 3227 soli

346 3266 446 3324 etiam
465 3260 671 3321 restituimus

387 3361 477 3420 Bene
498 3359 576 3433 vale,
600 3357 781 3419 charissime
802 3358 909 3432 lector,
933 3362 965 3419 et
989 3358 1076 3420 hisce
1099 3360 1215 3420 nostris
1236 3359 1395 3420 laboribus
1417 3359 1550 3420 feliciter
1561 3365 1593 3431 ⁶5

347 3461 459 3520 fruere.
505 3474 557 3518 au.
571 3476 720 3517 mnxvn.

380 3637 460 3699 48.t‘
484 3642 539 3687 add.
561 3653 586 3699 γ,
693 3638 733 3697 65.
753 3636 910 3685 charissime
925 3672 930 3686 .
944 3673 949 3684 .
964 3672 971 3685 .
985 3638 1027 3687 66.
1044 3636 1132 3685 fruere
1155 3653 1198 3685 om.
1222 3655 1246 3699 γ.
1365 3650 1408 3686 aa.
1432 3649 1550 3685 11111111

348 3720 392 3753 ora.
405 3702 443 3757 θ’,

381 3891 422 3947 ⁴⁶·
441 3884 617 3948 Vespasiano]
628 3900 685 3946 cap.
698 3897 737 3944 aa.
976 3884 1012 3932 Η.
1042 3883 1153 3945 Froben,
1182 3884 1208 3933 J.
1237 3884 1388 3947 Herwagen
1412 3886 1467 3934 and
1490 3886 1548 3934 Nic.

380 3970 421 4015 47.
439 3949 558 4014 ὧΛόχης)
572 3952 643 4000 bien.
653 3954 694 3998 Fr.
705 3950 758 4012 (ed.
769 3949 855 4010 Koch)
865 3962 922 4009 921.
975 3949 1140 4011 Episcopius,
1157 3949 1250 3999 March
1269 3964 1338 4012 1550.
1364 3951 1466 4001 Panzer
1483 3953 1550 4000 cites

380 4019 422 4079 48.
443 4017 503 4065 ὅταν
514 4016 548 4080 δ’]
561 4017 601 4066 Oi.
617 4015 654 4064 id.
667 4030 722 4075 223.
735 4030 759 4076 2,
772 4014 863 4062 where
875 4014 923 4061 the
974 4028 1009 4063 an
1022 4013 1134 4076 edition,
1147 4013 1237 4076 Rome,
1252 4015 1281 4067 li.
1294 4016 1328 4066 hl.
1339 4015 1446 4077 calvus,
1462 4030 1532 4078 1524.

348 4084 462 4146 reading
474 4085 513 4131 is:
1006 4079 1132 4129 Budaeus
1148 4095 1184 4129 on
1200 4082 1313 4145 reading
1329 4082 1468 4145 Egnatius'
1487 4087 1550 4131 note

397 4148 460 4198 hdr
471 4147 599 4209 άιοθάνης,
611 4143 677 4194 αὖθις
689 4145 714 4207 ἐξ
725 4144 800 4207 άρχης
812 4143 869 4192 ἔσει.
974 4145 1064 4194 searcd
1087 4144 1147 4195 that
1167 4145 1203 4195 hc
1222 4148 1310 4209 might
1332 4148 1365 4196 bc
1387 4148 1505 4210 thought
1522 4152 1549 4196 io

379 4230 421 4277 57.
440 4212 579 4275 Portium]
603 4212 759 4261 leonardus
780 4211 814 4259 de
836 4210 925 4258 Portis
973 4213 1043 4259 have
1054 4212 1269 4261 horrowedfrom
1277 4214 1392 4275 Portica,
1403 4212 1456 4261 and
1465 4214 1550 4273 urged

348 4284 383 4342 (c.
407 4283 556 4341 ¹⁴⁶4-15
578 4279 650 4340 Sept.
674 4278 758 4341 1545),
783 4291 799 4324 ι
824 4276 924 4337 lauyer
974 4277 1106 4340 Egnatius
1118 4280 1145 4326 to
1155 4281 1200 4341 get
1212 4280 1258 4327 the
1271 4280 1339 4327 book
1348 4277 1458 4342 printed
1471 4278 1549 4339 (ΒΕ.4

348 4348 376 4396 oi
384 4347 511 4407 Vicenza,
529 4344 628 4393 author
642 4344 671 4392 oi
685 4348 718 4391 Da
733 4345 839 4402 aaskrtio,
853 4356 923 4399 pecar-
974 4358 1017 4403 24:
1031 4343 1234 4407 27Nov.1518).
1270 4343 1493 4392 Erasmuaraiaed
1504 4343 1548 4391 the

349 4419 404 4474 raia,
415 4416 560 4470 poridmbus
574 4415 595 4457 at
608 4414 727 4458 matram
740 4412 852 4466 antiquis
889 4407 924 4455 In
975 4410 1100 4468 question
1117 4408 1146 4456 of
1165 4409 1321 4471 plagiariam
1339 4409 1419 4470 again
1436 4408 1467 4455 in
1488 4422 1548 4470 1527

351 4479 392 4526 his
408 4477 564 4529 Suetonius,
582 4476 651 4536 Aug.
671 4476 742 4536 1516,
756 4474 786 4521 Ρ.
799 4503 823 4538 1,
839 4473 924 4534 Egna·
976 4473 1074 4533 (hond.
1098 4488 1141 4521 11.
1160 4488 1183 4534 9,
1202 4474 1254 4522 LB.
1279 4474 1348 4535 875),
1374 4472 1428 4521 and
1451 4472 1548 4522 moved

350 4545 403 4592 tine
414 4547 501 4592 states
513 4541 575 4589 that
590 4541 613 4589 it
628 4540 684 4589 had
702 4542 768 4589 been
785 4538 925 4600 composed
975 4539 1101 4587 Budaeus
1113 4543 1140 4586 to
1152 4540 1261 4600 inquire
1272 4538 1301 4587 ot
1312 4539 1337 4589 J.
1349 4538 1475 4597 Lascaris,
1485 4539 1548 4587 who

349 4608 399 4658 flre
417 4623 499 4672 years
515 4606 624 4667 beiore;
639 4606 689 4654 but
705 4606 752 4654 the
769 4606 873 4666 preiace
889 4603 925 4651 he
975 4603 1079 4666 replied
1099 4603 1176 4666 (BE.’
1196 4604 1214 4653 f.
1236 4618 1280 4664 151
1302 4603 1346 4666 v0)
1364 4603 1425 4652 that
1442 4605 1477 4653 he
1494 4604 1549 4654 had

352 4678 432 4724 wrote
444 4675 487 4723 sor
498 4687 533 4721 an
545 4672 660 4730 edition,
671 4671 787 4733 perhaps
798 4669 922 4725 thefirst,
974 4683 1039 4717 seen
1057 4684 1072 4717 a
1090 4683 1138 4717 ma.
1156 4683 1222 4731 copy
1242 4670 1272 4717 of
1292 4670 1409 4718 Portius’
1426 4670 1493 4719 book
1517 4671 1548 4718 in

350 4741 378 4789 os
386 4741 434 4790 the
446 4745 480 4789 Dr
491 4743 601 4797 sama,
613 4753 658 4787 ao.
670 4742 690 4785 at
700 4741 724 4798 1,
735 4737 824 4784 shows
830 4734 892 4784 that
902 4736 924 4783 it
974 4735 1027 4783 Leo
1044 4733 1083 4783 x's
1099 4734 1174 4796 early
1190 4749 1267 4797 years
1282 4738 1310 4784 at
1326 4735 1427 4795 Bome;
1443 4736 1477 4785 cl.
1492 4737 1548 4786 also

351 4821 403 4855 was
419 4809 468 4855 not
485 4803 597 4867 printed
612 4802 657 4851 till
674 4817 746 4851 some
763 4815 839 4863 years
855 4799 925 4849 atter
975 4800 1039 4849 Bii.⁴
1053 4802 1107 4861 163,
1118 4800 1173 4849 and
1182 4799 1267 4852 Lond.
1276 4803 1349 4852 xxiv.
1361 4802 1400 4861 18,
1410 4801 1463 4852 LB.
1476 4804 1546 4865 1198.

351 4872 396 4921 the
413 4870 569 4921 Suetonius.
602 4868 669 4917 This
688 4868 793 4916 edition
812 4881 869 4914 was
885 4881 926 4914 re·
1006 4866 1177 4915 ForPortius
1188 4866 1546 4918 seestGdiSantaliaria.

352 4938 459 4998 printed
477 4937 514 4998 by
525 4934 599 4983 John
613 4934 725 4994 Froben,
738 4948 801 4992 a.o.;
818 4931 873 4981 and
888 4932 924 4992 by
974 4935 1080 4981 Scritiori
1094 4934 1219 4995 Viomtiai,
1231 4933 1271 4982 iii.
1285 4934 1373 4998 (1775)
1384 4948 1427 4998 pp.
1441 4933 1548 4982 aro-ali.
