3867 6034
478 716 542 778 520
822 715 1012 779 LE'I'PERS
1039 716 1094 777 01⁴*
1121 713 1321 778 ERASMUS
1581 707 1684 791 [¹5¹9

477 871 626 934 nonnulli
644 871 842 949 suspieentur
860 890 925 931 non
945 870 1073 948 abipso
1093 873 1226 945 tantum,
1248 869 1303 930 sed
1326 889 1344 929 e
1371 868 1533 928 eommuni
1562 866 1686 929 theolo-

450 987 589 1047 5gorum
612 968 744 1030 oonoilio
767 968 938 1030 oonflstum
964 970 997 1029 et
1020 970 1056 1028 in
1083 987 1134 1028 me
1160 967 1328 1029 vibratum.
1371 966 1452 1027 Mihi
1478 969 1517 1028 vt
1544 965 1685 1028 Iaatomo

479 1067 594 1145 dignus
607 1066 708 1129 videri
722 1070 832 1144 potest,
849 1067 894 1127 ita
908 1066 1035 1127 videtur
1047 1066 1199 1144 indignus
1213 1066 1268 1143 qui
1281 1066 1442 1127 communi
1458 1065 1685 1143 theologorum

478 1164 626 1243 suffragio
649 1164 783 1241 scriptus
809 1164 975 1239 videatur3
1006 1183 1107 1241 neque
1130 1183 1182 1224 me
1207 1164 1341 1241 dignum
1367 1163 1501 1223 arbitror
1524 1162 1562 1224 in
1587 1182 1685 1241 quem

479 1262 556 1325 talia
567 1261 751 1325 sorihmtur.
793 1261 840 1322 De
853 1261 983 1323 eaeteris
995 1281 1100 1323 eoram
1114 1287 1122 1325 :
1143 1280 1219 1324 nam
1231 1263 1335 1323 subito
1346 1281 1438 1323 vooor
1447 1262 1682 1339 Antwerpiam,

479 1362 586 1421 tamen
600 1379 674 1421 mox
686 1358 851 1421 rediturus.
894 1359 981 1420 Bene
992 1359 1070 1436 vale,
1087 1360 1222 1420 Muttine
1234 1359 1421 1421 oharimime.
1538 1396 1540 1399 -

438 1484 468 1519 ιο
522 1478 549 1534 3.
565 1456 737 1535 oahApril.
754 1458 816 1516 An
834 1475 900 1517 ran.
918 1475 963 1531 19.
1006 1456 1150 1518 Louanii.

738 1669 812 1732 935.
858 1667 907 1731 To
930 1667 1178 1733 (lumerennna
1200 1668 1405 1735 Iouuoums.

515 1803 848 1876 Epistolassddiuersos
859 1820 886 1872 p.
902 1818 961 1873 205.
1474 1804 1613 1859 Louvain.

516 1892 586 1983 illl:
604 1892 693 1949 Lond.
705 1891 745 1946 iii.
760 1894 810 1961 63:
829 1890 883 1946 LB.
898 1908 959 1959 402.
1441 1909 1452 1949 1
1468 1891 1551 1963 April
1568 1907 1648 1964 1519.

527 2017 584 2066 Tha
600 2016 663 2066 date
679 2017 703 2065 is
719 2014 867 2064 confirmed
882 2016 918 2077 hy
936 2015 985 2078 Ep.
1002 2031 1049 2078 91⁴
1068 2016 1123 2065 and
1140 2017 1187 2065 the
1204 2018 1325 2079 meeting
1340 2017 1408 2065 with
1426 2016 1506 2066 Rure.
1543 2016 1683 2067 Erasmus'

481 2082 499 2130 d
528 2097 593 2131 enee
604 2081 687 2131 olbis
698 2079 910 2129 uncieeronian
922 2080 1043 2130 lreedom
1057 2082 1081 2129 is
1092 2080 1263 2146 notieeohla]

581 2227 737 2277 ERASHVS
758 2228 1009 2277 BOTEBODAMVS
1030 2228 1291 2277 CHRISTOPHORO
1313 2228 1482 2277 LONGOLIO
1504 2229 1532 2279 S.
1548 2230 1584 2280 D.

522 2351 593 2413 (ivn
613 2350 724 2411 multis
745 2350 927 2411 nominibus
950 2350 1033 2411 mihi
1056 2351 1193 2411 iuounda
1212 2351 1283 2427 fuit,
1305 2349 1518 2412 eruditissime
1538 2349 1684 2428 Longon,

481 2447 612 2526 epistola
634 2450 699 2523 tua,
724 2467 788 2507 non
812 2447 868 2508 illa
890 2448 1019 2524 quidem
1039 2450 1078 2509 ad
1100 2467 1152 2508 me
1175 2449 1290 2525 scripta
1313 2447 1365 2508 sed
1388 2449 1425 2509 de
1446 2467 1509 2522 me,
1530 2451 1602 2509 tum
1624 2448 1684 2508 hoe

482 2548 652 2624 praecipue,
677 2547 759 2624 quod
784 2547 865 2607 mihi
893 2546 1058 2607 renouauit
1086 2550 1224 2608 veterem
1252 2547 1373 2625 ingenii
1401 2546 1449 2608 tui
1476 2548 1628 2609 notioiam
1649 2566 1685 2607 ao

481 2662 569 2721 spem
587 2643 779 2721 eloquentiae
800 2663 996 2721 nequaquam
1014 2644 1160 2721 vulgaris,
1183 2663 1277 2722 quam
1295 2647 1369 2704 ante
1387 2644 1564 2721 complures
1583 2664 1685 2706 annos

455 2759 683 2818 5eonoeperam
703 2759 742 2799 ex
767 2740 914 2800 Oratione
937 2743 1130 2819 panegyrica,
1158 2762 1220 2819 qua
1243 2741 1350 2803 laudes
1373 2740 1441 2802 diui
1462 2741 1624 2818 Lodouioi
1648 2744 1684 2803 ni

482 2836 583 2907 fallor,
609 2837 784 2898 Galliarum
808 2838 913 2914 Regis,
932 2839 1104 2899 admodum
1128 2840 1229 2900 adhuc
1257 2840 1382 2901 iuuenis
1405 2860 1439 2901 es
1463 2844 1682 2919 prosequutus.

483 2933 659 3012 Epistulam
673 2934 816 2995 exhibuit
834 2936 963 3011 Russus,
979 2936 1067 2997 vrbis
1085 2937 1229 2999 Lutetiae
1248 2938 1488 3016 suppraefeetus‚
1503 2938 1600 3000 homo
1613 2942 1684 3002 tum

483 3032 625 3093 eruditus
647 3034 722 3112 ipse,
749 3035 818 3092 tum
847 3033 1031 3096 eruditionis
1057 3036 1179 3096 alienae
1207 3036 1286 3096 mire
1314 3035 1466 3097 candidus
1491 3035 1682 3097 aestimator.

483 3130 621 3191 Tantum
641 3133 748 3191 sutem
772 3131 859 3190 abest
882 3135 919 3191 vt
939 3151 1029 3209 aegre
1053 3133 1152 3193 feram
1174 3135 1257 3195 mihi
1280 3133 1430 3212 praeferri
1452 3133 1626 3210 Budaeum
1649 3138 1684 3194 vt

442 3228 519 3289 rein
544 3228 637 3289 illum
664 3247 743 3305 pene
770 3248 888 3305 pareus,
917 3229 952 3288 in
984 3249 1035 3290 me
1067 3231 1216 3308 prodigus
1242 3232 1383 3292 laudator
1414 3230 1510 3291 uisse
1537 3231 1682 3293 videaris

484 3326 622 3388 Abunde
634 3325 773 3386 multum
787 3326 836 3386 illi
849 3326 962 3388 tribuit
979 3332 1052 3388 tuus
1070 3330 1204 3404 eandor3
1224 3329 1277 3390 sed
1297 3328 1420 3407 quoties
1441 3329 1581 3390 hominis
1597 3329 1685 3389 dotes

485 3445 579 3503 prope
598 3424 722 3485 diuinas
737 3426 938 3502 contemplor,
960 3427 1068 3488 videor
1085 3428 1166 3488 mihi
1184 3428 1289 3490 videre
1309 3427 1458 3504 quiddam
1477 3427 1578 3488 maius
1597 3428 1684 3488 omni

486 3521 639 3583 facundia.
696 3520 778 3582 llihi
803 3544 878 3585 vero
905 3527 1032 3585 tantum
1060 3526 1175 3585 tribuis
1201 3528 1354 3603 quantum
1382 3543 1439 3585 nee
1466 3543 1602 3601 agnosco
1628 3544 1685 3585 neo

486 3618 629 3697 postulo:
650 3620 701 3680 oui
719 3621 842 3681 abunde
860 3622 1049 3698 palmarium
1070 3626 1118 3683 est
1138 3642 1173 3683 ao
1189 3622 1382 3700 triumphale
1400 3641 1471 3682 eum
1492 3622 1560 3681 viro
1581 3621 1686 3683 modis

445 3740 474 3789 ¹5
487 3718 635 3779 omnibus
663 3718 901 3797 inoomparabili
931 3723 1113 3798 comparari.
1168 3721 1275 3800 Neque
1305 3724 1427 3800 poteras
1456 3740 1527 3782 meo
1556 3721 1685 3798 quidem

485 3818 642 3878 sententia
664 3817 789 3895 plenius
812 3818 977 3880 honestare
997 3820 1113 3882 famam
1133 3819 1268 3897 Erasini,
1290 3841 1385 3899 quam
1405 3821 1435 3881 si
1454 3818 1547 3880 illum
1567 3820 1686 3881 laceres

486 3915 530 3975 ita
553 3916 759 3992 posteriorem
782 3915 909 3977 Budaeo
930 3920 966 3977 vt
993 3939 1067 3979 eum
1091 3939 1156 3980 non
1183 3920 1276 3998 longo
1300 3920 1467 3982 interuallo
1490 3923 1683 3998 sequeretur.

486 4013 602 4075 Maiore
626 4019 732 4077 tamen
755 4035 829 4075 eum
850 4016 1011 4095 voluptate
1036 4017 1155 4079 Budaei
1178 4018 1286 4079 laudes
1309 4018 1371 4096 legi
1393 4038 1488 4096 quam
1514 4038 1609 4094 meas,
1634 4018 1685 4080 vel

486 4113 569 4190 quod
590 4114 678 4174 illius
698 4114 813 4192 glorius
833 4114 878 4175 sio
899 4114 1022 4175 iaueam
1042 4120 1078 4176 vt
1098 4115 1218 4176 nullius
1236 4135 1339 4194 aeque,
1361 4116 1413 4177 vel
1433 4116 1515 4193 quod
1537 4116 1685 4195 quiequid

443 4232 475 4266 20
485 4212 535 4274 illi
563 4212 767 4289 possessionis
793 4215 841 4272 est
869 4212 1030 4289 honestae,
1054 4213 1086 4273 id
1114 4233 1222 4275 meum
1245 4215 1342 4276 etiam
1367 4234 1433 4276 esse
1461 4214 1590 4276 ducam:
1621 4236 1684 4276 non

713 4382 770 4432 984.
787 4396 810 4443 5
830 4381 944 4431 oonsilio
955 4387 985 4433 Ρ.
1087 4385 1144 4434 985.
1163 4399 1199 4435 ro.
1218 4386 1406 4435 laudatorque.
1420 4391 1453 4435 Η.

519 4533 577 4581 984.
587 4533 612 4581 8.
620 4530 822 4595 antwerpium]
830 4530 886 4578 'l'he
895 4531 1007 4580 datesof
1015 4532 1061 4581 his
1110 4533 1147 4596 by
1165 4532 1201 4582 Η.
1224 4532 1385 4595 Stephanus,
1407 4534 1581 4597 presumably
1602 4536 1684 4585 about

487 4597 581 4648 letters
599 4596 674 4646 show
695 4594 756 4645 that
783 4596 911 4645 Erasmus
933 4600 1009 4646 went
1032 4601 1061 4647 to
1110 4599 1158 4648 tha
1175 4612 1249 4648 same
1265 4599 1332 4648 time
1352 4600 1585 4662 withamiam,
1605 4600 1685 4650 dated

487 4664 620 4725 Antwerp
641 4675 687 4709 με
703 4660 791 4724 April,
803 4662 859 4710 and
877 4661 1006 4711 returned
1018 4664 1061 4712 be-
1111 4664 1182 4713 from
1198 4664 1315 4714 Poitiers
1331 4664 1431 4728 ssept.
1445 4679 1517 4727 1510,
1530 4668 1558 4714 to
1573 4665 1685 4716 Francis

486 4732 575 4779 tween
600 4741 678 4788 14-7:
700 4727 742 4775 lor
761 4741 812 4776 one
831 4741 945 4790 purpose
968 4729 998 4777 oi
1016 4728 1061 4778 his
1111 4728 1142 4779 oi
1149 4730 1240 4779 Valois
1252 4730 1312 4778 who
1323 4730 1377 4779 had
1394 4731 1461 4779 been
1474 4731 1517 4779 his
1528 4732 1615 4795 pupil.
1650 4732 1683 4781 In

488 4794 554 4843 visit
566 4808 610 4842 see
622 4793 670 4856 Ep.
683 4805 733 4854 955
745 4793 847 4844 introd.
1111 4796 1159 4844 tha
1178 4795 1283 4845 oration
1302 4795 1345 4859 (P.
1363 4796 1386 4845 ι’
1402 4800 1451 4855 νο.)
1473 4796 1617 4859 lengolius
1640 4798 1684 4846 de-

520 4859 579 4908 985.
596 4873 620 4907 a.
638 4857 763 4923 epistola]
776 4858 825 4920 Ep.
836 4871 894 4920 914.
1111 4861 1210 4910 soribu
1233 4861 1360 4910 Erasmus
1377 4876 1406 4910 as
1424 4861 1535 4925 writing
1552 4863 1683 4925 ‘eopiosa

521 4939 545 4986 5.
563 4923 702 4988 Oratione]
731 4923 872 4972 Delirared
895 4927 924 4972 at
947 4925 1061 4974 Poitiers
1112 4930 1189 4975 aeute
1212 4926 1324 4976 nitido’.

487 5005 510 5038 o.
525 5004 556 5051 ²5
567 4991 635 5053 Aug.
653 5003 733 5051 ¹5103
753 4989 808 5039 and
820 4990 931 5048 printed
943 4994 972 5039 at
985 4990 1062 5040 Paria
1145 5006 1169 5053 7.
1187 4962 1470 5056 hunua18eep.473.
