3867 6034
480 717 542 777 556
830 715 1022 777 LETTERS
1050 715 1103 778 Ol*
1129 714 1331 779 RRASMUS
1613 714 1700 799 [¹5¹9

480 894 521 935 ne
547 874 632 934 inter
658 873 805 934 homines
832 871 978 951 quidem:
1014 872 1141 936 tametsi
1168 871 1304 934 vixerim
1336 891 1413 933 cum
1449 875 1506 935 tot
1536 872 1702 935 nationum

435 993 466 1041 35
479 971 709 1050 hominumque
721 970 895 1049 generibus

521 1069 644 1130 Literas
665 1072 735 1130 tuae
752 1068 893 1147 suspicor
913 1068 1093 1129 Louanium
1112 1066 1247 1145 perlatas
1267 1087 1343 1143 esse,
1359 1074 1463 1148 atque
1485 1068 1592 1131 illinc
1613 1072 1707 1131 Antu-

482 1168 623 1246 uerpinm
645 1167 907 1229 remissas—nam
932 1166 979 1226 ibi
1002 1168 1073 1226 tum
1096 1164 1246 1244 agebem:
1276 1166 1321 1227 ita
1344 1166 1474 1228 fectum
1504 1171 1563 1229 est
1587 1172 1626 1231 vt
1650 1188 1708 1229 non

485 1266 619 1328 viderim
639 1266 696 1343 qui
715 1286 768 1327 eas
787 1265 966 1344 pertulerat.
1018 1262 1195 1325 Consilium
1216 1267 1263 1325 est
1283 1283 1431 1325 mensem
1452 1265 1555 1327 hunc
1577 1287 1709 1329 vernum

484 1365 655 1427 sarciendis
678 1364 814 1444 corporis
839 1363 1002 1442 animique
1029 1362 1173 1423 viriculis
1200 1362 1367 1440 insumere,
1393 1364 1425 1424 si
1453 1366 1567 1427 modo
1597 1365 1707 1428 licebit

438 1482 471 1531 4ο
487 1465 560 1526 llox
579 1465 706 1525 fauente
724 1463 849 1525 Christo
871 1461 1095 1540 Pamphrasim
1116 1462 1285 1541 aggrediar,
1307 1464 1340 1523 et
1358 1468 1612 1540 argumentum
1633 1465 1709 1544 quod

485 1566 521 1624 tu
550 1565 712 1640 tantopere
738 1560 907 1639 efflagitas:
941 1561 1025 1637 quod
1055 1560 1161 1638 ipsum
1190 1563 1298 1621 tamen
1328 1559 1402 1622 aliis
1433 1561 1623 1640 scribetur,
1652 1582 1710 1623 nor

486 1660 624 1723 Borsalo.
678 1659 761 1720 Noui
782 1662 891 1738 pectus
910 1658 998 1719 istud
1021 1660 1122 1728 tuum,
1144 1658 1221 1720 noui
1240 1657 1418 1736 ingenium,
1443 1660 1534 1722 noui
1558 1661 1709 1724 studium

486 1758 582 1820 Domi
604 1758 724 1819 fontem
748 1757 851 1831 habes,
875 1759 912 1817 vt
936 1775 1003 1817 non
1025 1774 1149 1817 necesse
1172 1755 1216 1816 sit
1237 1775 1276 1817 ex
1297 1754 1402 1817 aliena
1425 1756 1582 1820 cisterna
1603 1778 1710 1839 aqum

486 1860 599 1935 petere.
644 1856 716 1916 Non
737 1856 868 1916 deemmt
888 1853 944 1932 qui
968 1853 1124 1914 celebrent
1151 1853 1336 1931 pontificum
1360 1854 1596 1933 autoritatem,
1622 1878 1710 1936 quam

441 1971 472 2022 45
486 1956 586 2017 fateor
599 1974 666 2015 esse
685 1954 796 2015 debere
813 1955 1061 2026 sacrosanctam
1081 1971 1145 2012 non
1165 1951 1299 2012 deerunt
1319 1950 1375 2028 qui
1391 1949 1486 2013 Secti
1502 1953 1710 2033 Thomaeque

488 2055 609 2115 decreta
622 2053 809 2132 praedicent,
826 2072 904 2129 quse
918 2070 976 2111 nec
992 2070 1050 2128 ego
1070 2069 1146 2110 sane
1166 2068 1294 2128 prorsus
1312 2048 1470 2128 improbo.
1523 2054 1579 2116 Tu
1597 2074 1709 2133 purum

486 2152 578 2213 illum
600 2155 633 2213 et
653 2171 820 2229 syncerum
844 2149 1007 2212 Christum
1027 2149 1189 2210 mentibus
1210 2151 1340 2210 tuorum
1361 2149 1503 2228 instilla,
1528 2153 1709 2232 quandoid

488 2250 631 2327 apcucis
649 2249 718 2310 fieri
735 2249 887 2309 videmus
932 2247 1062 2309 Gaudeo
1078 2247 1137 2308 tibi
1153 2247 1312 2308 fortunam
1333 2246 1491 2325 obtigisse
1516 2271 1600 2314 cum
1616 2251 1710 2330 digni·

488 2352 552 2409 tate
574 2348 784 2423 coniunctam,
810 2349 882 2407 tum
906 2348 1011 2406 autem
1037 2344 1201 2406 materiam
1224 2364 1260 2406 ac
1283 2348 1422 2421 segetem
1446 2347 1602 2411 oblatam
1627 2350 1710 2411 bene

445 2476 477 2525 50
488 2446 632 2507 merendi
661 2446 700 2506 de
727 2465 820 2523 grege
849 2443 1038 2505 Christiano.
1093 2442 1184 2504 Felix
1210 2442 1338 2522 quidem
1366 2443 1477 2506 ocium
1515 2449 1706 2514 studiorum

490 2546 543 2605 sed
568 2545 630 2605 huc
654 2543 821 2604 descendat
850 2544 974 2620 oportet
1002 2539 1127 2619 sapiens
1154 2540 1208 2601 ille
1236 2539 1429 2617 Platonicus,
1457 2561 1533 2607 non
1562 2547 1624 2607 vni
1651 2545 1708 2606 sibi

489 2647 591 2702 natus

531 2738 678 2816 Optimus
698 2737 844 2816 princeps
864 2736 1032 2814 Adelphus
1051 2736 1177 2797 videtur
1197 2736 1300 2797 adhuc
1316 2738 1457 2797 veterem
1477 2738 1583 2801 illum
1600 2741 1638 2803 in
1655 2761 1707 2802 nos

490 2836 633 2897 animum
654 2835 795 2896 obtinere
813 2853 907 2912 quem
927 2853 1005 2913 puer
1024 2832 1144 2894 habuit.
1187 2833 1229 2895 In
1242 2832 1337 2894 huius
1350 2835 1540 2911 propiorem
1554 2840 1705 2901 noticiam

447 2950 478 3000 55
492 2934 743 2995 commodissime
751 2936 851 2993 temet
858 2931 1033 2993 insinuabis
1040 2951 1096 3010 per
1106 2931 1238 2993 Petrum
1248 2930 1440 3010 Zutpenium
1450 2933 1703 3009 Oasseletanum

492 3053 553 3112 quo
570 3033 640 3110 viro
661 3031 744 3092 nihil
764 3030 865 3092 adhuc
885 3030 952 3091 vidi
971 3029 1135 3091 candidius
1150 3032 1205 3091 aut
1223 3027 1362 3091 amicius.
1407 3030 1500 3106 Quod
1518 3033 1705 3095 Franciscus

494 3132 668 3194 Galliarum
690 3150 745 3191 rex
769 3148 820 3190 me
842 3127 974 3190 tentarit
1002 3127 1080 3189 satis
1101 3126 1215 3207 amplis
1239 3126 1475 3189 conditionibus
1501 3129 1540 3191 in
1565 3131 1702 3192 Galliam

492 3250 633 3305 euocare,
647 3248 756 3289 rumor
768 3247 833 3288 non
848 3226 978 3287 omnino
992 3245 1092 3286 vanus
1109 3228 1165 3286 est.
1209 3226 1380 3285 Tentatum
1398 3229 1446 3286 est
1460 3229 1494 3287 et
1508 3231 1702 3290 retentatum

493 3328 690 3406 quorundam
704 3326 826 3387 literis:
847 3345 958 3386 verum
972 3323 1053 3384 nihil
1070 3324 1173 3384 adhuc
1193 3323 1286 3384 audio
1299 3326 1420 3383 certum
1435 3324 1589 3401 vigilans,
1606 3346 1702 3406 neque

449 3437 481 3486 60
493 3431 560 3488 tam
573 3425 661 3487 rudis
676 3445 748 3486 sum
762 3444 868 3485 rerum
882 3425 1093 3484 humanarum
1106 3424 1142 3481 vt
1156 3420 1252 3481 meris
1269 3421 1434 3499 promissis
1451 3422 1563 3500 pellici
1581 3444 1700 3502 queam.

493 3526 537 3586 Vt
560 3524 758 3585 Ferdinando
778 3526 961 3599 praeceptor
981 3540 1091 3597 essem,
1113 3523 1218 3580 actum
1238 3523 1287 3579 est
1309 3515 1425 3594 sedulo,
1449 3540 1525 3581 cum
1547 3542 1609 3601 per
1629 3523 1702 3585 alios

494 3622 677 3703 permultos,
695 3626 764 3682 tum
783 3640 839 3697 per
856 3620 894 3681 D.
911 3620 1124 3697 Bergensem3
1145 3621 1176 3678 et
1195 3617 1223 3678 is
1244 3620 1292 3678 est
1312 3618 1464 3697 Princeps
1480 3624 1519 3680 vt
1539 3621 1699 3682 moliorem

495 3721 655 3798 magisque
674 3718 808 3779 docilem
827 3737 885 3778 nec
905 3720 1011 3795 optare
1031 3716 1159 3793 possim.
1203 3714 1264 3775 Sed
1285 3714 1444 3777 deterrent
1465 3736 1519 3776 me
1540 3720 1698 3798 quaedam,

496 3838 575 3897 quae
589 3822 658 3877 tuto
673 3817 772 3878 literis
786 3816 942 3877 committi
955 3835 1020 3875 non
1035 3815 1174 3892 possunt.
1216 3812 1304 3873 Bene
1317 3813 1395 3874 vale.

451 3920 482 3983 65
537 3917 676 3977 Louanii.
694 3917 744 3977 die
757 3915 896 3993 paschae.
913 3916 1010 3975 Anno
1024 3932 1160 3973 mnmx.

846 4137 949 4219 953„,
994 4132 1093 4197 Fron
1116 4132 1211 4198 donn
1233 4133 1361 4199 Fusus.

533 4249 657 4319 Farrago
670 4266 698 4317 p.
715 4248 774 4313 164.
1471 4243 1643 4303 Constance.

532 4338 562 4393 F.
577 4356 606 4408 p.
620 4351 688 4407 307:
710 4334 780 4390 HN:
800 4333 887 4389 Lond.
900 4332 937 4388 si.
952 4348 1002 4401 32:
1022 4332 1079 4387 LB.
1092 4346 1153 4403 415.
1444 4335 1478 4389 26
1490 4333 1576 4404 April
1591 4350 1668 4407 1519.

533 4477 607 4606 [Tl6re]
620 4475 682 4525 date
700 4477 723 4523 is
740 4471 886 4524 confirmed
905 4473 940 4532 by
958 4471 1067 4519 Beatus*
1086 4469 1190 4520 edition
1208 4471 1238 4520 ol
1253 4471 1301 4520 the
1316 4474 1387 4520 Ratio
1405 4474 1475 4520 Veros
1487 4475 1640 4533 mmmm
1662 4488 1699 4522 sec

497 4558 522 4605 p.
538 4558 567 4605 17
586 4581 591 4592 .

542 4692 582 4752 36.
601 4694 638 4737 F:
657 4688 756 4738 illies.
857 4703 895 4749 55.
913 4686 1080 4749 Zutpenium
1092 4689 1149 4735 add.
1162 4689 1194 4734 H.
1295 4688 1336 4737 62.
1354 4684 1612 4748 D.E:p1·incipem
1625 4690 1657 4735 ll.

495 4805 743 4816 --.-----

533 4887 572 4932 40.
592 4869 798 4935 Puraphrasim]
809 4871 859 4920 See
871 4871 921 4932 Ep.
933 4872 992 4931 956.
1163 4864 1562 4929 ⁶1.praeceptor]seep.492.
1632 4840 1633 4844 Ἰ

535 4951 575 4998 55.
595 4935 771 5000 Zutpcuium]
785 4936 834 4985 See
850 4936 985 4984 Erasmus’
998 4933 1078 4983 letter
1165 4935 1205 4980 62.
1224 4932 1255 4980 D.
1280 4930 1454 4996 Bergensem]
1480 4932 1528 4981 See
1551 4948 1597 4997 pp.
1623 4936 1701 4993 rhos„

500 5006 531 5052 to
543 5003 602 5051 him
615 5001 693 5051 dstcd
709 5017 740 5051 ιο
750 5003 823 5064 Aug.
837 5015 907 5063 1519.
1131 4998 1185 5047 and
1198 4996 1231 5046 cf.
1245 4997 1294 5060 Ep.
1305 5000 1363 5061 969.
1375 5011 1432 5058 3-5.
