3867 6034
464 712 525 771 sas
808 709 997 771 mansas
1024 710 1079 772 or
1106 709 1305 771 asianus
1567 704 1666 788 [1519

419 878 452 927 60
463 872 520 946 qui
540 869 631 929 nobis
652 868 684 928 in
701 867 760 928 hoc
780 866 883 928 laudis
900 864 1003 926 stadio
1023 885 1086 925 non
1104 865 1198 926 modo
1216 865 1382 926 succedant
1399 865 1568 926 sedetiam
1583 869 1669 926 ante

463 971 598 1042 uertant,
613 970 646 1027 et
663 965 810 1044 quicquid
826 968 875 1025 est
890 964 948 1024 hoc
962 964 1102 1023 nominis
1115 964 1198 1042 quod
1212 962 1292 1024 mihi
1305 982 1374 1024 mea
1386 982 1533 1040 peperere
1547 963 1664 1036 studia,

462 1086 520 1128 suo
540 1066 704 1145 splendore
724 1064 899 1126 obscurent.
948 1061 1010 1122 Sed
1030 1066 1137 1123 tamen
1160 1065 1313 1139 agnoscet,
1338 1062 1454 1137 opinor,
1484 1061 1664 1140 posteritas,

464 1164 615 1243 nobisqffl
638 1163 786 1224 nonnihil
810 1161 920 1222 debers
943 1181 978 1221 se
1002 1160 1160 1235 fatebitur,
1184 1160 1265 1237 quod
1292 1179 1403 1237 parum
1430 1159 1516 1220 felici
1544 1160 1663 1233 seculo,

463 1262 546 1339 quod
567 1261 619 1321 his
639 1260 826 1337 regionibus,
842 1259 877 1317 in
895 1256 1010 1334 quibus
1029 1275 1157 1334 prorsus
1174 1255 1329 1316 extinctae
1347 1256 1470 1315 fuerant
1487 1260 1521 1315 et
1541 1256 1664 1317 inuisae

418 1371 451 1434 65
463 1360 563 1420 bonae
576 1359 707 1433 litterae,
722 1358 854 1436 longum
867 1359 899 1416 st
913 1354 1107 1415 inuidiosum
1121 1358 1276 1415 certmen
1290 1355 1500 1415 sustinuimus
1511 1356 1666 1416 aduersus

463 1458 726 1536 pertinacissimos
740 1456 906 1516 meliorum
920 1452 1096 1514 studiorum
1113 1453 1227 1514 hostes
1270 1454 1332 1513 Sed
1345 1457 1503 1531 utcunque
1518 1455 1558 1514 de
1573 1453 1667 1514 nobis

463 1556 602 1616 denubit
621 1558 706 1616 aetas
727 1555 876 1624 secutura,
898 1552 1013 1629 volupe
1034 1555 1082 1611 est
1106 1552 1232 1611 interim
1255 1550 1391 1627 optimas
1414 1551 1522 1611 literas
1543 1552 1666 1628 passim

463 1653 595 1713 feliciter
621 1651 815 1711 efflorescere.
867 1650 953 1709 Bene
980 1647 1059 1722 vale,
1088 1648 1220 1726 Longoli
1247 1649 1433 1721 doctissime,
1462 1650 1494 1707 et
1523 1650 1558 1707 in
1589 1649 1666 1708 haec

463 1750 576 1824 studia,
593 1753 628 1810 vt
640 1749 777 1827 coepisti,
792 1749 974 1809 constanter
986 1766 1021 1805 ac
1035 1746 1166 1806 feliciter
1179 1746 1333 1807 incumbe

421 1874 452 1926 70
507 1847 639 1908 Iaouanii
681 1845 828 1906 Calendis
842 1844 944 1922 April.
988 1846 1084 1904 Anno
1098 1861 1235 1903 uxama

838 2068 912 2131 986.
957 2066 1006 2130 To
1028 2065 1123 2130 Jons
1147 2065 1288 2129 F1snsn.

500 2172 622 2243 Farrago
634 2190 661 2242 p.
678 2186 734 2241 139
1453 2168 1601 2241 Antwerp.

500 2259 531 2316 F.
545 2279 572 2330 p.
586 2261 653 2314 288:
674 2258 741 2314 HN:
760 2256 847 2314 houd.
860 2255 895 2311 vi.
910 2260 942 2313 8:
961 2256 1016 2311 LB.
1029 2272 1089 2325 403.
1424 2272 1440 2310 2
1454 2255 1535 2326 April
1551 2272 1629 2329 ¹519·

710 2380 777 2445 [The
789 2378 851 2427 date
863 2380 887 2426 is
898 2378 990 2440 amply
1001 2376 1149 2425 confirmed
1160 2376 1195 2436 by
1208 2376 1256 2424 the
1267 2376 1413 2439 contenta]

552 2524 757 2573 aavmuno
778 2524 880 2571 PATRI
903 2523 946 2571 Ac
970 2523 1002 2569 D.
1027 2521 1060 2570 D.
1083 2520 1205 2569 IOANNI
1228 2522 1388 2570 muscoso
1410 2522 1578 2573 ROFFENSI

799 2624 955 2675 ERASMVS
976 2624 1228 2674 Rornssonanvs
1250 2626 1276 2672 S.
1293 2627 1326 2674 D.

506 2747 608 2808 Nnnn
629 2748 710 2808 mihi
733 2749 854 2809 iamdiu
876 2748 995 2826 gratius
1015 2749 1128 2808 accidit
1148 2748 1184 2808 R
1206 2749 1242 2808 Τ.
1264 2747 1371 2808 literis.
1424 2748 1546 2810 Iterum
1569 2754 1665 2827 atque

465 2845 581 2906 iterum
603 2846 797 2906 exosculatus
817 2865 889 2905 sum
913 2864 1044 2905 manum
1065 2845 1158 2905 istam
1179 2844 1259 2905 mihi
1281 2847 1388 2906 notam
1409 2865 1445 2906 ac
1464 2846 1664 2909 familiarem.

465 2944 567 3003 Auxit
589 2942 784 3019 voluptatem
808 2941 890 3020 quod
915 2961 979 3002 non
1004 2940 1107 3001 solum
1131 2942 1294 3018 scripseris
1315 2944 1521 3004 verumetiam
1545 2945 1666 3022 prolixe

464 3039 624 3117 scripseris
635 3062 643 3114 ;
673 3060 747 3100 nam
764 3043 905 3100 amanter
923 3058 1087 3117 nunquam
1107 3058 1170 3098 non
1191 3038 1281 3100 soles.
1323 3040 1369 3099 De
1390 3040 1515 3101 diutino
1535 3043 1664 3103 silentio

437 3155 517 3204 sme
537 3138 756 3199 immerentem
780 3156 913 3199 accusas
966 3138 1033 3217 Ego
1053 3156 1129 3198 sane
1149 3138 1322 3214 quamlibet
1343 3142 1509 3216 occupatus
1529 3140 1664 3201 subinde

465 3239 571 3297 tamen
596 3236 795 3313 interpellani
822 3238 853 3296 te
880 3234 960 3296 meis
986 3235 1103 3296 literis:
1133 3254 1254 3309 verum,
1279 3239 1314 3294 vt
1340 3237 1440 3311 video,
1465 3256 1528 3297 non
1556 3240 1666 3299 omnia

465 3336 640 3396 redduntur
655 3355 731 3413 quae
752 3336 868 3395 dantur
887 3334 1051 3395 reddenda
1097 3334 1254 3393 Libellum
1275 3354 1336 3410 quo
1352 3335 1504 3395 aduersus
1526 3336 1664 3398 Fabrum

465 3434 590 3494 vniosm
618 3432 759 3493 defendis
782 3433 1006 3510 Magdalsnam,
1033 3431 1197 3507 degustaui
1221 3431 1391 3491 duntaxat:
1421 3453 1531 3493 verum
1555 3455 1666 3495 eorum

465 3531 519 3608 qui
536 3531 687 3608 legerunt,
708 3550 801 3591 nemo
818 3550 881 3591 non
899 3532 1016 3591 fatetur
1032 3535 1064 3589 te
1084 3531 1151 3589 tota
1167 3549 1259 3590 causa
1279 3531 1476 3606 superiorem.
1522 3533 1662 3593 Tantum

424 3646 453 3682 10
464 3628 550 3690 dolet
573 3627 759 3705 quibusdam
784 3627 919 3687 Fabrum
943 3647 1051 3687 senem
1079 3629 1171 3703 atque
1198 3627 1357 3703 integrum
1382 3629 1497 3703 virum,
1525 3633 1598 3690 tum
1627 3632 1665 3691 de

464 3726 579 3788 studiis
607 3726 845 3799 benemeritam,
869 3727 988 3802 durius,
1009 3730 1044 3785 vt
1072 3724 1150 3803 ipsis
1176 3725 1307 3798 videtur,
1336 3725 1450 3786 alicubi
1476 3729 1665 3806 perstringi:

466 3843 528 3902 qua
555 3843 587 3883 re
615 3824 695 3883 nihil
722 3827 825 3901 potest
851 3844 918 3885 esse
945 3824 1065 3902 gratius
1092 3823 1132 3883 iis
1159 3824 1214 3901 qui
1243 3823 1354 3883 nolunt
1380 3824 1523 3901 pristinis
1549 3826 1666 3885 studiis

465 3922 579 4000 quibus
597 3926 811 3997 assueuerunt,
827 3923 995 4000 quicquam
1011 3922 1162 3983 accedere.
1205 3922 1272 3997 Quo
1292 3922 1417 4000 quidem
1435 3925 1561 3984 nomine
1582 3922 1665 3984 male

464 4020 554 4081 audit
567 4020 666 4080 Faber
678 4040 809 4098 quoque.
853 4020 913 4080 Sed
932 4019 1000 4079 fieri
1017 4020 1073 4082 vix
1090 4022 1192 4098 potest
1206 4022 1282 4097 quin
1301 4020 1333 4080 in
1350 4021 1543 4098 argumentis
1555 4021 1665 4081 huius·

424 4138 433 4173 ι
438 4139 452 4189 5
466 4119 552 4180 modi
566 4138 645 4196 quae
658 4118 923 4179 conflictationem
936 4118 1062 4192 habent,
1078 4117 1128 4180 vel
1147 4117 1402 4195 imprudentibus
1421 4118 1512 4178 nobis
1526 4119 1666 4179 calamus

465 4236 693 4293 nonnunquam
706 4217 897 4278 efferuescat
934 4217 1016 4278 Mihi
1029 4221 1112 4279 certe
1121 4237 1349 4295 nonnunquam
1363 4238 1420 4279 vsu
1435 4219 1523 4280 venit
1536 4222 1581 4294 vt,
1594 4240 1666 4280 cum

465 4316 547 4378 mihi
569 4316 675 4376 videar
697 4334 797 4375 meras
825 4315 994 4377 blanditias
1019 4317 1185 4394 scripsisse,
1209 4336 1273 4377 non
1294 4317 1398 4377 desint
1421 4320 1527 4377 tamen
1550 4319 1665 4394 quibus

465 4416 572 4476 videar
592 4414 779 4476 dentatulus
823 4415 989 4494 Vtounque
1008 4415 1066 4475 hoc
1086 4414 1194 4489 habet,
1215 4416 1314 4475 Fabro
1335 4414 1430 4475 talem
1451 4416 1665 4478 aduersarium

465 4513 609 4575 inuideo:
628 4534 648 4573 a
666 4534 728 4591 quo
746 4518 782 4574 vt
802 4515 936 4576 maxime
950 4518 1173 4591 prosternatur,
1188 4519 1294 4575 tamen
1316 4514 1409 4575 habet
1426 4535 1487 4591 quo
1506 4536 1539 4575 se
1560 4536 1665 4576 conso·

885 4682 942 4730 888.
962 4696 984 4730 r.
1003 4680 1034 4730 R.
1046 4680 1075 4731 Τ.
1088 4685 1126 4730 F:
1141 4648 1201 4730 ¹tuis
1211 4684 1244 4729 Η.

499 4813 557 4863 888.
571 4827 591 4862 1.
600 4813 630 4861 a.
638 4812 679 4876 T.]
690 4815 860 4862 reuerentiae
869 4816 940 4862 tuae.
1091 4812 1177 4874 Paris,
1195 4812 1221 4861 J.
1242 4812 1350 4874 Badius,
1369 4828 1400 4860 aa
1414 4813 1474 4862 Feb.
1497 4829 1573 4876 ¹5¹9;
1594 4814 1662 4863 with

533 4877 632 4942 literis]
650 4879 783 4941 Probably
801 4879 830 4927 in
853 4879 930 4941 reply
947 4881 975 4928 to
993 4878 1040 4927 the
1090 4878 1183 4926 which
1201 4878 1297 4927 Fisher
1314 4879 1473 4928 intervened
1490 4883 1517 4929 in
1537 4881 1584 4928 the
1601 4895 1664 4928 con·

467 4944 548 4993 letter
559 4943 719 4993 mentioned
730 4946 760 4993 in
772 4945 821 5006 Ep.
832 4945 890 5005 908.
905 4959 946 4994 αι.
1091 4946 1214 5006 troversy
1224 4944 1336 4994 aroused
1348 4945 1383 5006 by
1395 4946 1479 4993 Faber
1491 4945 1535 5010 (cf.
1547 4946 1594 5007 Ep.
1609 4947 1664 5006 7⁶⁶·

502 5024 526 5071 7.
555 5009 703 5074 Libellum]
733 5015 766 5059 De
786 5014 856 5058 osteo
883 5013 1037 5071 leodoinus,
1092 5012 1188 5071 arn.)
