3867 6034
293 713 366 797 ⁷94]
645 715 700 776 ro
727 714 868 775 Purus
895 712 1133 775 Blnnmms
1426 711 1486 771 249

290 872 393 934 tribus
413 870 621 933 incommodis
640 870 805 945 detorreor‚
827 869 1033 947 hypocaustis,
1055 868 1226 930 latrociniis
1244 869 1277 928 et
1292 870 1387 944 peste,
1406 885 1487 943 quae

291 974 395 1047 preter
420 969 499 1030 alios
519 968 720 1029 Lachnerum
741 967 881 1042 sustulit,
908 967 1047 1027 officinae
1068 966 1281 1027 Erobenianae
1301 965 1483 1042 principem.

292 1066 344 1127 Ab
372 1066 465 1127 Italia
491 1065 656 1144 prolixitas
685 1065 807 1126 itineris
839 1067 872 1125 et
898 1064 1022 1125 instans
1049 1066 1160 1124 aestas.
1212 1063 1273 1124 Sed
1301 1081 1487 1141 quocunque
1498 1069 1530 1132 65

291 1184 343 1225 me
362 1164 532 1239 contulero,
554 1162 665 1224 faciam
686 1162 733 1223 vti
757 1181 932 1240 cognoscas.
976 1162 1200 1222 Existimabam
1224 1181 1275 1221 me
1300 1162 1337 1221 D.
1364 1160 1488 1221 cancel·

290 1261 369 1323 lario
392 1261 533 1334 scribere,
560 1260 682 1338 quoties
703 1259 761 1320 tibi
784 1259 970 1321 scriberem:
1001 1278 1075 1319 nam
1098 1259 1202 1335 ipsum
1231 1262 1277 1319 tot
1300 1258 1487 1319 immersum

291 1358 427 1437 negociis
456 1358 585 1420 verebar
610 1357 816 1434 intarpellare.
869 1357 937 1433 Ego
964 1356 1016 1416 hic
1039 1356 1177 1435 undique
1202 1355 1302 1416 literis
1328 1354 1488 1416 amatoriis

289 1457 414 1519 obruor.
457 1455 589 1534 Scripsit
600 1454 863 1532 Archiepiscopus
879 1453 1138 1532 hlaguntinensis,
1155 1454 1253 1515 semel
1267 1456 1359 1532 atque
1372 1453 1487 1514 iterum

291 1554 465 1632 Episcopus
477 1553 692 1625 Traiectensis,
706 1552 802 1613 semel
816 1552 1004 1627 leodiensis,
1020 1553 1118 1613 semel
1133 1551 1319 1614 Baiocensis.
1362 1550 1488 1612 Inuitor
1502 1566 1534 1619 7ο

289 1653 330 1713 ad
345 1653 534 1730 complexus.
577 1651 699 1712 Inuitat
717 1650 786 1711 Rex
801 1649 936 1726 Angliae
949 1652 982 1711 et
996 1650 1091 1712 hrrius
1107 1650 1245 1710 Achates
1258 1647 1488 1710 Reuerendissi·

291 1769 366 1811 mus
385 1749 596 1812 Eboracensis
641 1748 764 1809 inuitat
780 1749 847 1809 Rex
865 1747 992 1809 Galliae
1036 1748 1174 1809 'lantum
1192 1750 1240 1808 est
1256 1751 1432 1808 amatorum
1452 1749 1488 1806 vt

290 1847 415 1908 difficile
442 1847 486 1908 sit
512 1847 563 1907 vel
590 1846 731 1923 epistolis
757 1845 900 1906 omnium
930 1845 1125 1922 respondere.
1169 1844 1286 1922 Scripsi
1313 1848 1419 1905 tamen
1446 1843 1484 1904 D.

292 1945 483 2007 cancellario
503 1949 558 2005 tuo
578 1944 674 2016 iussu,
696 1944 746 2004 cui
765 1963 831 2004 non
850 1962 956 2019 parere
977 1962 1042 2003 non
1063 1943 1140 2004 satis
1160 1945 1266 2003 tutum
1285 1941 1428 2015 arbitror,
1452 1944 1489 2000 vt

290 2062 326 2102 es
339 2044 434 2103 homo
448 2042 613 2102 violentus.
657 2042 704 2100 Ex
724 2039 918 2119 bilinguibus
935 2039 987 2099 hic
1006 2058 1114 2100 omnes
1133 2039 1300 2117 trilingues
1318 2038 1486 2100 reddimur.
1502 2058 1533 2111 75

293 2139 479 2214 Matthaeus,
506 2139 556 2199 vir
579 2158 652 2199 suae
675 2138 808 2217 linguae,
833 2138 867 2197 in
889 2157 951 2215 qua
974 2139 1067 2197 natus
1091 2141 1147 2213 est,
1172 2137 1206 2197 in
1230 2138 1337 2215 paucis
1359 2137 1486 2215 peritus,

292 2236 415 2314 publice
442 2237 606 2315 profitetur
635 2236 805 2297 Hebraico:
841 2235 930 2313 quasi
956 2254 1069 2312 parum
1100 2235 1152 2297 hic
1183 2236 1279 2296 fuerit
1309 2234 1487 2297 ebriorum!

292 2333 840 2412 DorpiusHebraicaeiaotionisdux
848 2336 904 2395 est
930 2332 1061 2394 Videbis
1069 2334 1159 2394 breui
1169 2353 1288 2394 nouum
1297 2333 1484 2406 Lemnium,

291 2434 325 2492 at
344 2431 609 2493 exosculabantur
629 2431 723 2492 illum
743 2431 836 2509 paulo
856 2433 931 2491 ante
951 2429 1125 2508 lapidatum
1145 2431 1333 2492 Erasmum:
1364 2431 1486 2491 etiami

292 2529 498 2608 Paraphrasis
521 2530 670 2591 omnibus
691 2530 834 2590 omnium
856 2527 985 2589 calculis
1008 2529 1159 2590 laudatur.
1210 2530 1269 2589 Est
1292 2527 1413 2605 aliquid
1436 2527 1488 2589 vel
1502 2538 1534 2588 80

292 2628 386 2688 vnico
409 2627 517 2689 libello
540 2626 694 2704 placuisse
713 2632 779 2686 tam
804 2626 922 2703 iniquia
941 2645 977 2686 ac
997 2627 1137 2687 morosis.
1183 2628 1288 2703 Atque
1308 2627 1433 2687 vtinam
1453 2626 1488 2684 in

292 2725 411 2785 talibus
421 2725 540 2802 campis
553 2744 604 2784 me
618 2724 852 2797 continuissem,
865 2722 1023 2801 inquibus
1034 2724 1202 2801 nonpaulo
1216 2724 1287 2802 plus
1297 2726 1364 2784 erat
1373 2724 1490 2802 gloriae

293 2821 456 2900 multoque
468 2824 576 2883 minus
589 2822 715 2882 laboris.

334 2919 395 2980 Sed
421 2920 502 2993 fatis,
531 2920 577 2979 mi
605 2920 739 2994 Barbiri,
766 2920 896 2997 agimur,
925 2919 1001 2981 fatie
1027 2920 1173 2981 cedamus
1199 2923 1331 2998 oportet.
1385 2920 1422 2981 D.
1451 2918 1490 2979 de

294 3016 431 3078 Heloino
449 3018 497 3078 fac
514 3035 566 3077 me
581 3016 748 3094 diligenter
766 3016 975 3077 commendes
1020 3017 1056 3077 R.
1074 3017 1109 3079 P.
1125 3019 1324 3093 hierlianum,
1342 3017 1379 3080 D.
1400 3017 1488 3079 lodo
1502 3030 1534 3094 85

293 3135 365 3176 cum
392 3114 752 3188 iurisconsultissimum,
773 3114 812 3175 D.
845 3114 1021 3175 (luidonem
1048 3116 1240 3176 Morilonum
1269 3133 1490 3193 congerronem

292 3219 386 3274 tuum
405 3213 485 3273 meis
506 3212 609 3272 verbie
626 3214 721 3272 etiam
739 3215 833 3289 atque
852 3212 948 3272 etiam
965 3211 1075 3274 saluta.
1118 3214 1207 3274 Bene
1223 3213 1300 3289 vale,
1315 3214 1490 3273 amicorum

293 3311 522 3388 syncerissime.
568 3310 700 3370 Louanii
714 3310 792 3387 prid.
808 3308 888 3369 Non.
908 3309 999 3371 biart

326 3467 367 3526 65.
384 3463 529 3526 prolixitas
546 3468 615 3512 8187
633 3478 694 3512 cum
713 3468 742 3511 D.
879 3467 907 3513 et
918 3467 986 3513 MS.:
1011 3464 1161 3528 longitudo,
1180 3468 1240 3514 tum
1257 3469 1286 3516 D.
1396 3466 1437 3514 66.
1455 3466 1487 3514 D.

295 3546 340 3578 on.
353 3533 386 3579 Η.
510 3543 548 3589 77.
566 3530 631 3577 Bm·
641 3534 709 3578 lisa
727 3529 758 3578 R.
772 3529 850 3579 Card.
861 3533 884 3577 F
892 3546 898 3578 :
916 3529 995 3579 Gard.
1006 3533 1039 3579 Η.
1164 3546 1203 3591 73.
1222 3529 1253 3579 D.
1267 3535 1333 3579 ME:
1352 3530 1447 3590 Syluio
1457 3535 1490 3583 Η.

297 3611 336 3656 74.
353 3609 411 3645 non
422 3602 477 3642 onte
488 3610 582 3656 parere
592 3599 650 3643 odd.
661 3599 765 3643 mundo
775 3596 983 3655 monus,soreiton
994 3598 1098 3656 Eraemi,
1111 3599 1140 3643 ia
1151 3600 1204 3645 lis.
1292 3609 1347 3645 non
1359 3599 1427 3645 MS:
1444 3597 1491 3644 vix

295 3665 330 3708 li.
395 3661 512 3709 arbitror
523 3665 579 3708 odd.
591 3664 619 3709 F.
715 3662 753 3720 76.
770 3661 814 3707 vir
825 3697 832 3708 .
845 3697 851 3708 .
863 3697 868 3707 .
881 3663 985 3721 peritus
995 3665 1050 3710 odd.
1065 3665 1095 3709 D.
1193 3677 1232 3723 77.
1250 3661 1382 3711 Hebraice
1393 3665 1449 3711 odd.
1460 3666 1490 3710 D.

297 3727 336 3787 78.
354 3726 506 3775 Louanium
518 3730 588 3775 lis.:
604 3725 724 3773 seculum
737 3725 783 3774 hic
793 3726 890 3774 exoriri
901 3729 931 3774 D.
1001 3726 1042 3775 87.
1059 3730 1114 3775 tam
1128 3762 1153 3777 ..
1168 3729 1300 3777 .moroeis
1311 3730 1348 3776 D:
1365 3727 1492 3776 omuibus

295 3795 348 3840 JIS.
459 3791 500 3851 84.
519 3792 550 3839 D.
564 3791 597 3839 de
609 3790 727 3839 Heloino
738 3795 807 3841 Ma:
824 3792 1002 3841 ornatissimo
1014 3793 1073 3840 viro
1083 3792 1204 3841 Haloino
1215 3797 1248 3842 Η.
1363 3792 1402 3853 85.
1415 3793 1445 3841 lt
1460 3792 1488 3841 P.

296 3856 461 3906 lulianum
473 3860 530 3904 add.
542 3861 565 3903 D
576 3856 619 3917 (R.
633 3856 661 3904 P.
674 3872 717 3905 om.
729 3859 776 3916 H).
865 3857 906 3916 85,
918 3857 958 3906 86.
976 3857 1009 3906 D.
1021 3874 1065 3907 om.
1079 3861 1110 3906 Η.
1122 3861 1164 3906 bis.
1262 3857 1302 3905 86
1322 3857 1489 3907 Morilonum

296 3926 352 3972 odd.
367 3927 396 3971 F.
528 3923 568 3983 87.
586 3922 662 3971 Bene
673 3958 680 3970 .
693 3957 700 3970 .
715 3961 721 3971 .
733 3924 774 3970 88.
792 3921 869 3971 Mart.
883 3926 945 3982 MS,
958 3929 1064 3981 7777777777
1078 3928 1122 3981 Ep.
1140 3926 1205 3984 803:
1223 3923 1294 3973 (iura
1310 3924 1394 3972 etiam
1410 3928 1491 3985 atque

296 3989 390 4048 etiam,
407 3987 447 4034 mi
463 3986 579 4050 Barbiri,
591 3992 622 4035 vt
639 3991 710 4037 recte
726 3989 822 4035 valeas.
859 3988 928 4036 Nam
946 3989 992 4036 hio
1007 4003 1095 4037 annus
1111 3989 1213 4038 multos
1228 3988 1345 4039 eximios
1361 3991 1433 4039 viros
1448 3991 1491 4039 tui

296 4053 402 4102 similes
418 4052 576 4113 absumpsit,
589 4052 624 4101 ti.
637 4053 778 4102 ldueurum
795 4052 924 4113 Rhomae,
942 4056 997 4102 iam
1013 4054 1254 4116 Archiepiscopum
1270 4055 1450 4117 designatum,
1464 4060 1492 4103 et

296 4123 360 4168 aute
372 4119 446 4166 hunc
458 4118 598 4167 Paleotum
608 4118 769 4178 Camillum3
781 4120 904 4167 Lutetiae
915 4118 1045 4168 Faustum
1058 4120 1264 4169 immortalitate
1273 4119 1403 4182 dignum3
1420 4120 1492 4182 apud

296 4182 399 4246 Anglos
410 4183 550 4232 Andream
562 4185 740 4232 Ammonium
755 4184 903 4233 Lunensem
917 4185 1044 4233 omnibus
1059 4185 1171 4247 egregiis
1187 4185 1296 4235 dotibus
1313 4185 1489 4234 cumulatum.
1507 4206 1521 4254 5

297 4250 324 4298 li
346 4249 444 4309 quibus
465 4254 538 4298 astra
560 4252 624 4297 sunt
646 4264 661 4296 a
683 4249 811 4311 consiliis,
835 4249 973 4299 affirmant
995 4250 1039 4298 his
1064 4252 1145 4298 annis
1166 4253 1283 4313 quatuor
1305 4253 1411 4300 tantam
1434 4251 1492 4299 iore

296 4314 482 4377 pestilentiam
500 4320 530 4363 vt
547 4314 619 4362 nulli
636 4316 693 4363 sint
712 4316 799 4363 futuri
818 4317 979 4377 superstites
998 4319 1104 4378 praeter
1121 4318 1226 4378 egregie
1242 4316 1334 4365 doctos
1350 4331 1381 4365 ao
1397 4316 1494 4378 probos

297 4381 377 4429 viros
410 4379 487 4441 Quod
504 4381 528 4427 si
544 4394 638 4428 verum
656 4383 707 4439 est,
723 4381 811 4429 ausim
827 4385 855 4430 et
871 4395 920 4443 ego
936 4382 1099 4430 vaticinium
1116 4397 1207 4430 meum
1224 4382 1380 4444 adiungere,
1394 4382 1492 4430 miram

297 4446 353 4494 iore
370 4444 505 4493 vilitatem
521 4459 654 4495 annonae.
687 4446 744 4507 Quo
761 4447 846 4508 magis
862 4447 914 4494 tibi
931 4447 1083 4496 cauendum
1101 4462 1204 4509 censeo,
1222 4461 1256 4494 ne
1274 4449 1310 4495 sis
1327 4448 1361 4495 de
1379 4462 1493 4496 numero

953 4596 994 4656 85.
1012 4593 1143 4658 Haloino]
1161 4595 1210 4643 See
1221 4609 1265 4657 pp.
1278 4598 1347 4656 aas.

330 4677 369 4722 7⁴·
387 4658 566 4722 Canoellario]
599 4659 636 4707 ho
664 4660 800 4721 Sauvage3
836 4660 868 4709 ci.
986 4659 1160 4714 Martianumi
1178 4660 1426 4723 SeeEp.411.8n.

296 4728 315 4778 l.
333 4742 373 4788 3ο,
392 4724 449 4775 and
465 4724 514 4787 ΕΡ·
534 4739 589 4786 793·
985 4725 1126 4789 Iodocum]
1143 4726 1264 4790 Perhaps
1274 4728 1350 4777 Josse
1363 4729 1491 4790 laurona,

332 4807 368 4852 75
391 4791 571 4853 hilingnibus]
588 4790 628 4839 Cf.
642 4791 691 4852 Ep.
705 4793 760 4851 767.
772 4793 840 4852 6311.
919 4807 935 4840 a
950 4791 997 4840 Dr.
1012 4791 1041 4839 oi
1053 4791 1130 4840 Laws
1143 4793 1197 4840 and
1209 4792 1352 4856 Theology,
1365 4796 1427 4842 who
1438 4809 1494 4845 was

331 4860 370 4917 76.
388 4854 555 4918 Matthaeus]
589 4856 716 4914 adriam
749 4872 792 4903 see
821 4857 869 4918 Ep.
919 4858 1069 4906 ememhcr
1079 4856 1109 4907 oi
1121 4857 1240 4907 charlee’
1252 4858 1365 4908 Council
1376 4859 1406 4908 in
1421 4874 1491 4923 7577,

296 4925 354 4972 686
372 4938 427 4984 577.
922 4937 1001 4983 75777
1026 4938 1070 4972 see
1086 4923 1212 4972 Gechard
1230 4926 1260 4974 ii.
1278 4939 1334 4987 49⁰,
1353 4939 1411 4989 509,
1428 4942 1493 4989 5¹73

329 4991 369 5048 84.
389 4988 469 5037 istis.
484 5023 490 5035 .
505 4986 640 5051 ‚agimur]
653 4986 714 5035 Seu.
729 4991 781 5037 0771.
794 4988 852 5049 986.
919 4987 1170 5048 Henneiii.a84n.
