3867 6034
388 708 448 767 524
734 704 925 769 cerasus
953 706 1008 767 or.
1033 705 1235 769 asuerus
1491 698 1591 783 [ιω

388 860 496 937 habeo,
512 863 577 939 qui,
595 865 630 921 vt
650 880 813 939 corporum
835 861 961 923 morbos
981 861 1096 938 quibus
1115 860 1232 938 possim
1254 879 1339 921 nunc
1359 859 1529 928 laboretur.
1551 857 1591 919 ad

387 958 538 1035 syderum
558 960 687 1018 effectus
708 958 856 1034 referunt,
872 960 917 1020 ila
937 961 1052 1037 putant
1067 959 1106 1019 ab
1127 958 1240 1019 iisdem
1258 961 1291 1017 et
1311 957 1470 1018 mentium
1487 960 1593 1035 pestes

344 1058 538 1133 55quaedam
564 1056 704 1117 existere.
748 1056 808 1117 Sed
834 1077 853 1118 o
875 1056 1085 1117 dementiam!
1115 1056 1192 1117 dum
1214 1054 1397 1116 huiusmodi
1420 1054 1593 1116 calumniis

387 1158 420 1214 et
443 1158 587 1215 nostrum
608 1154 772 1231 negocium
792 1157 825 1215 et
845 1154 984 1215 alienum
1005 1153 1108 1215 mium
1129 1153 1299 1231 perdimus,
1321 1153 1468 1213 videmur
1488 1150 1593 1213 nobis

388 1251 466 1331 ipsis
478 1253 587 1329 saneti
602 1252 746 1313 videmur
765 1252 911 1330 theologi,
925 1253 1072 1314 videmur
1089 1251 1270 1313 Christiani
1314 1250 1374 1312 Sed
1393 1249 1448 1310 vbi
1461 1249 1591 1311 interim

388 1350 602 1427 tranquillitas
625 1349 812 1422 Christiana,
835 1349 890 1410 vbi
910 1350 1105 1428 simplicitas,
1126 1349 1182 1411 rbi
1202 1350 1291 1411 lusus
1311 1348 1366 1409 ille
1389 1347 1593 1408 felicissimus

388 1446 422 1508 in
436 1466 545 1525 campo
561 1447 818 1527 Scriptursrum?

344 1554 377 1603 60
429 1545 510 1621 Quid
518 1548 625 1607 autem
634 1545 1000 1624 dignnmimpreceristis
1010 1547 1224 1627 κακογλώσσοις
1233 1544 1592 1623 quitesubmonuerunt

389 1643 556 1704 Erasmum
570 1643 630 1704 tibi
644 1663 708 1704 non
721 1643 853 1705 fauere?
886 1644 954 1721 Ego
969 1663 1043 1706 vero
1057 1647 1088 1704 te
1099 1663 1164 1705 non
1175 1643 1320 1704 intereos
1330 1660 1464 1703 numero
1478 1639 1593 1718 quibus

388 1741 492 1803 fauere
512 1742 652 1816 debeam,
674 1761 785 1802 verum
806 1760 886 1819 quos
906 1741 1010 1803 modis
1030 1742 1179 1804 omnibus
1198 1742 1354 1819 suspicere
1373 1759 1409 1799 ac
1429 1737 1593 1810 venerari,

389 1842 481 1918 atque
505 1841 539 1900 in
564 1839 614 1899 his
637 1839 802 1916 praecipue
824 1843 865 1910 te,
890 1859 985 1917 quem
1007 1859 1129 1917 semper
1151 1840 1281 1900 unicum
1303 1840 1537 1916 praeceptorem
1557 1854 1593 1895 ac

388 1941 556 2013 patronum
576 1936 865 1997 constantissimum
880 1936 987 1997 habui.
1031 1936 1111 1997 Nam
1133 1938 1215 2014 quod
1230 1937 1331 1997 rarius
1344 1935 1391 1995 tui
1416 1934 1538 1995 mentio
1556 1932 1593 1992 fit

344 2045 377 2111 65
389 2035 424 2095 in
437 2035 538 2095 literis
551 2035 638 2108 meis,
654 2034 735 2095 nihil
750 2033 836 2096 eliud
851 2035 885 2094 in
898 2054 991 2096 causa
1004 2035 1066 2096 fuit
1080 2055 1175 2113 quam
1190 2034 1364 2095 reuerentia
1377 2036 1450 2094 tuae
1469 2030 1593 2093 celsitu·

389 2133 493 2195 dinis:
525 2133 651 2211 quando
675 2136 722 2193 tot
745 2131 846 2193 modis
868 2132 949 2193 mihi
973 2132 1132 2194 maximus
1155 2134 1298 2208 occurris,
1324 2132 1400 2193 hinc
1425 2128 1593 2209 episcopali

390 2231 552 2309 dignitate,
566 2230 642 2290 hinc
655 2229 831 2291 eruditione
845 2231 980 2307 quadam
994 2231 1179 2306 admirabili,
1195 2250 1290 2309 super
1304 2231 1410 2291 omnia
1422 2248 1497 2289 vero
1510 2226 1593 2287 vitae

389 2328 607 2403 sanctimonia,
630 2348 692 2406 qua
712 2347 785 2388 cum
810 2328 916 2406 paucis
938 2332 1046 2390 nostro
1067 2329 1172 2390 seculo
1193 2332 1315 2390 veteres
1336 2327 1409 2388 illos
1431 2325 1594 2403 episcopos

391 2427 496 2488 resera
540 2427 581 2487 In
603 2426 682 2488 alios
705 2425 778 2505 plue
798 2427 907 2493 audeo.
958 2427 1008 2487 Tu
1029 2427 1110 2488 mihi
1134 2447 1257 2503 semper
1281 2427 1369 2487 visus
1389 2443 1424 2484 es
1444 2442 1510 2485 non
1531 2422 1593 2483 nisi

348 2548 379 2602 7ο
390 2524 535 2601 religiose
554 2524 774 2597 nominandus,
796 2524 982 2601 praesertim
1002 2525 1037 2585 in
1057 2524 1148 2586 libris
1167 2524 1296 2586 aeditis:
1317 2527 1349 2584 et
1369 2526 1477 2583 tamen
1498 2539 1595 2581 ausus

392 2642 462 2682 sum
484 2622 667 2682 meminisse
684 2621 741 2696 tui,
765 2641 837 2682 cum
856 2622 929 2683 aliis
948 2623 1067 2700 aliquot
1085 2623 1169 2698 locis,
1191 2626 1262 2684 tum
1284 2623 1318 2682 in
1342 2618 1522 2681 Enchiridii
1542 2637 1594 2694 po

393 2724 510 2780 strema
522 2719 685 2794 seditione,
702 2720 736 2779 in
750 2739 811 2797 qua
825 2720 982 2781 adiectum
994 2725 1043 2781 est
1059 2721 1171 2781 Basilii
1185 2722 1398 2799 fragmentum
1416 2716 1496 2778 olim
1510 2734 1530 2775 a
1541 2735 1594 2776 me

391 2836 526 2878 versum.
570 2817 630 2877 Sed
645 2817 774 2877 interim
788 2837 866 2893 opus
879 2817 1005 2895 aliquod
1019 2819 1252 2897 circumspecto,
1267 2819 1320 2880 sed
1335 2817 1418 2895 quod
1434 2815 1594 2876 victurum

391 2915 538 2993 augurari
546 2913 672 2992 possim,
687 2915 831 2992 quodque
839 2917 894 2975 tua
902 2916 1119 2993 magnitudine
1129 2918 1342 2995 grauitateque
1349 2935 1414 2975 nou
1422 2913 1593 2991 indignum

349 3030 378 3084 75
391 3012 554 3087 uideatur,
574 3012 607 3073 id
625 3015 681 3072 tuo
701 3012 825 3073 nomini
842 3013 967 3091 proprie
986 3013 1148 3091 dicabitur,
1165 3016 1224 3076 hoc
1239 3019 1286 3075 eet
1302 3035 1357 3093 per
1377 3017 1409 3074 te
1427 3011 1497 3072 orbi
1513 3028 1593 3072 eom·

392 3112 599 3173 mendabitur.

433 3210 523 3285 Quod
541 3210 637 3270 isthic
656 3209 760 3288 egitur
779 3211 817 3270 de
834 3210 1041 3287 reformando,
1058 3215 1094 3274 vt
1111 3213 1294 3290 loquuntur,
1315 3211 1405 3286 clero,
1423 3227 1535 3270 vereor
1553 3225 1593 3266 ne

392 3308 465 3398 plus
479 3309 555 3369 satie
568 3308 734 3368 imitentur
747 3308 800 3369 isti
814 3308 1006 3370 medicorum
1021 3311 1207 3390 exemplum,
1223 3310 1280 3387 qui
1293 3310 1432 3388 primum
1446 3304 1594 3367 inaniunt

393 3427 503 3485 corpus
517 3407 600 3484 quod
615 3408 790 3467 sanandum
800 3408 1002 3484 susceperint.
1045 3408 1175 3469 Vtinam
1189 3408 1334 3469 Christus
1347 3407 1476 3468 tandem
1490 3423 1593 3482 exper-

348 3518 380 3566 80
393 3509 496 3566 rectus
520 3504 628 3564 liberet
655 3504 807 3582 populum
832 3524 926 3566 suum
949 3509 1015 3567 tam
1039 3506 1208 3584 multiplici
1232 3506 1417 3584 tyrannidel
1446 3523 1534 3582 quae,
1560 3500 1592 3561 ni

392 3605 591 3681 prospectum
604 3601 708 3677 luerit,
724 3623 761 3662 eo
775 3602 901 3664 videtur
916 3623 1047 3665 euasura
1064 3610 1099 3665 vt
1115 3604 1308 3665 tolerabilius
1321 3603 1364 3663 sit
1382 3603 1527 3662 futurum
1541 3598 1592 3660 vel

392 3704 563 3762 'I'urcarum
578 3700 644 3778 pati
658 3699 868 3777 tyrannidem

434 3800 494 3860 Sed
509 3802 544 3860 vt
557 3798 596 3858 ad
611 3797 728 3859 librum
743 3801 836 3858 tuum
850 3799 985 3876 redeam,
1000 3801 1146 3879 optabam
1164 3801 1297 3861 nitidius
1315 3819 1464 3861 excusum
1484 3796 1590 3858 fuisse.

392 3896 440 3957 Ea
453 3898 488 3955 in
501 3916 535 3955 re
548 3896 576 3957 si
589 3895 664 3974 quid
678 3915 807 3972 possum
823 3900 990 3974 praestare,
1006 3919 1070 3959 non
1088 3899 1250 3976 grauabor.
1294 3897 1439 3974 Optarim
1452 3897 1484 3956 et
1497 3896 1593 3956 istem

348 4009 379 4071 85
392 4014 518 4073 operam
541 3993 577 4054 in
603 3993 690 4054 aliud
716 3997 938 4071 argumentum
965 3996 1161 4074 insumptam
1186 3997 1298 4058 luisse:
1328 4012 1509 4072 quanquam
1533 3993 1592 4053 hoc

392 4113 513 4171 quoque
534 4095 603 4152 tum
624 4093 714 4167 pium
734 4092 787 4165 sit,
805 4097 876 4153 tum
896 4092 1029 4171 elegans.
1072 4095 1190 4155 Verum
1209 4090 1460 4156 commentarioli
1478 4089 1593 4168 quibus

394 4190 636 4270 Euangeliorum
651 4189 764 4250 seriem
777 4209 812 4250 ac
827 4210 955 4251 sensum
970 4194 1136 4267 connectis,
1149 4213 1284 4271 quorum
1298 4195 1409 4270 gustus
1420 4188 1498 4250 olim
1511 4188 1591 4250 mihi

392 4288 572 4367 perplacuit,
589 4308 659 4348 meo
672 4286 788 4347 iudicio
801 4288 874 4365 plus
887 4289 1051 4366 diguitatis
1063 4290 1244 4353 attulissent
1256 4294 1312 4352 tuo
1325 4288 1456 4351 nomini.

434 4390 514 4448 Cum
524 4388 581 4447 has
589 4404 689 4447 essem
700 4385 930 4463 obsignatums,
942 4388 971 4449 ia
982 4388 1020 4449 ds
1030 4409 1092 4467 quo
1102 4389 1195 4466 poulo
1204 4394 1277 4452 ante
1288 4387 1428 4462 memini,
1441 4389 1590 4458 mutatus,

348 4513 381 4563 90
392 4491 428 4549 vt
441 4485 581 4559 coniicio,
598 4483 699 4544 literis
712 4483 777 4544 tuis
790 4485 1058 4562 incantatricibus,
1071 4487 1209 4563 legatum
1223 4488 1262 4548 ad
1277 4506 1328 4547 me
1342 4485 1443 4547 mittit
1456 4487 1591 4547 Antuer·

410 4670 448 4715 72·
468 4658 509 4703 est
521 4657 579 4701 odd.
593 4656 619 4701 F.
706 4654 746 4712 78.
762 4652 829 4700 satir
840 4656 898 4701 aad
914 4656 1032 4714 Fccm'p.
1116 4655 1156 4716 85.
1176 4668 1331 4716 quanquam
1344 4658 1383 4702 E:
1401 4654 1530 4716 quamuis
1541 4657 1574 4703 H.

426 4819 463 4864 72.
482 4802 592 4866 Basilii]
604 4803 653 4851 See
666 4802 732 4865 Epp.
745 4817 804 4864 229,
815 4803 873 4864 858.
1016 4803 1113 4863 mouy’
1126 4803 1155 4852 oi
1164 4803 1211 4852 the
1223 4803 1352 4865 Gospels3
1368 4803 1401 4852 ci.
1412 4804 1461 4865 Ep.
1470 4804 1529 4865 667.
1538 4819 1553 4862 4
1562 4818 1589 4852 u.

426 4884 464 4930 77.
483 4867 668 4932 reiormando]
680 4866 781 4930 erup.
793 4869 849 4929 967.
862 4881 902 4928 ²5·
1016 4869 1044 4917 It
1065 4869 1088 4917 is
1111 4872 1158 4917 not
1180 4870 1280 4919 known
1303 4882 1401 4931 among
1424 4869 1472 4916 the
1492 4870 1541 4917 list
1564 4869 1592 4916 ol

303 4945 305 4949 ⁴
423 4934 464 4995 83.
483 4934 596 4997 librum]
608 4935 657 4982 See
670 4932 688 4981 l.
701 4950 715 4995 7
729 4949 755 4982 n.
1015 4932 1133 4984 Fisher’s
1143 4936 1250 4995 worlrs3
1266 4950 1309 4984 see
1320 4934 1402 4983 DNB.

421 5001 463 5049 86.
480 4998 708 5062 commentarioli]
725 5000 751 5047 A
767 5001 825 5047 sort
840 4999 870 5047 of
886 5000 964 5047 ‘lm-
1048 5000 1088 5062 89.
1106 5000 1188 5061 paulo
1199 4999 1276 5063 ante]
1288 5000 1339 5049 See
1351 5000 1369 5047 l.
1382 5013 1411 5059 31
1427 5014 1455 5047 n.
