3867 6034
465 715 527 777 aaa
817 716 1007 779 sumnus
1034 716 1088 778 or
1115 716 1317 779 nsasuus
1574 712 1669 798 [1518

505 872 692 947 Quanquam
707 871 783 949 quid
800 872 876 933 haee
893 873 1037 949 exempla
1052 892 1264 936 commemoro
1283 872 1354 935 istis
1372 871 1426 950 qui
1440 891 1497 932 nec
1511 869 1545 932 in
1559 871 1668 932 eadem

463 970 541 1029 vrbe
565 970 719 1045 constant,
742 970 857 1048 quippe
882 972 937 1048 qui
960 970 1095 1032 subinde
1116 979 1264 1049 praesepe
1288 974 1416 1032 mutant
1438 975 1470 1031 et
1491 988 1616 1046 pascua,
1638 973 1669 1030 et

403 1089 452 1139 150
464 1065 641 1144 ubicunque
655 1067 774 1129 lautius
792 1068 894 1130 fumat
913 1073 970 1131 aut
988 1070 1108 1131 renidet
1127 1070 1242 1144 culina,
1256 1070 1333 1131 illuc
1346 1067 1552 1147 demigrant?
1592 1068 1669 1130 Ocn-

465 1164 612 1226 stantiam
626 1165 661 1225 in
676 1185 727 1226 ma
741 1167 914 1245 requirunt,
926 1170 1010 1246 quod
1025 1189 1098 1230 cum
1111 1168 1183 1233 istis
1196 1171 1230 1230 in
1244 1170 1353 1229 eadem
1363 1166 1440 1229 vrbe
1454 1187 1519 1228 non
1533 1165 1669 1245 poterim

465 1263 558 1326 armis
582 1263 935 1344 quadragintaquinque,
957 1268 1158 1346 spongiarum
1182 1267 1254 1341 ritu,
1277 1265 1392 1344 quibus
1413 1265 1515 1325 affixis
1538 1265 1599 1326 hoc
1622 1266 1670 1325 est

465 1362 572 1422 viuere
582 1363 665 1438 quod
679 1361 784 1424 bibere
797 1386 806 1440 ς
821 1365 903 1442 quod
915 1385 979 1426 non
990 1368 1145 1427 scortatus
1157 1366 1228 1441 sim,
1238 1366 1321 1444 quod
1335 1384 1400 1427 non
1411 1364 1543 1425 luserim
1556 1363 1667 1437 aleam,

465 1461 547 1536 quod
577 1481 640 1522 non
667 1462 783 1539 egerim
811 1465 1046 1542 sycophantam.
1087 1464 1156 1543 Ego
1183 1485 1259 1526 vero
1287 1483 1390 1525 meam
1425 1461 1671 1523 inconstantiam

407 1577 451 1626 1⁵5
465 1557 576 1618 multis
602 1559 746 1635 partibus
767 1565 922 1639 antepono
939 1562 1073 1622 istorum
1092 1563 1294 1625 constantiae.
1340 1562 1449 1639 Neque
1470 1561 1555 1620 enim
1577 1558 1671 1638 paulo

465 1655 627 1732 pulchrius
639 1675 707 1718 esse
721 1659 801 1719 duco
814 1659 859 1719 sic
872 1660 905 1719 in
924 1659 1037 1720 multis
1055 1660 1171 1722 vixisse
1189 1660 1267 1722 locis
1285 1665 1329 1736 vt,
1345 1659 1523 1737 ubicunque
1541 1656 1667 1729 vixeris,

465 1753 601 1813 reditum
615 1759 708 1815 tuum
725 1760 835 1833 optent
850 1757 962 1834 optimi
980 1758 1103 1836 quique,
1120 1777 1214 1836 quam
1229 1758 1274 1820 sic
1288 1758 1322 1817 in
1335 1758 1446 1818 eadem
1458 1756 1537 1816 vrbe
1555 1755 1670 1816 vixisse

465 1853 501 1911 vt
513 1870 577 1911 non
594 1852 706 1914 referat
719 1853 857 1916 vixisse:
879 1856 1045 1915 nonenim
1057 1854 1159 1916 dicam
1172 1874 1268 1933 quam
1277 1855 1393 1916 viriam
1406 1854 1548 1931 turpiter.
1585 1852 1671 1927 Quid

465 1948 493 2008 si
506 1950 654 2011 valetudo
667 1955 757 2027 cogat
770 1955 894 2013 mutare
907 1951 1022 2023 locum,
1037 1972 1143 2014 nonne
1157 1954 1260 2014 daturi
1274 1954 1341 2014 sint
1354 1951 1479 2013 veniam
1494 1948 1671 2011 valetudini

407 2052 454 2103 160
465 2047 670 2109 consulenti?
723 2050 815 2110 Nunc
849 2051 1002 2112 damnant
1036 2052 1118 2130 quod
1158 2054 1264 2113 omnia
1299 2050 1504 2129 posthabeam
1539 2046 1670 2109 utilitati

466 2144 617 2222 publicae.
662 2146 722 2207 Sed
745 2147 891 2209 reiioiunt
910 2168 1034 2227 operam
1055 2168 1158 2211 meam
1174 2150 1257 2211 isti?
1296 2148 1460 2221 Roiiciant,
1479 2146 1573 2206 modo
1593 2143 1670 2205 honi

466 2243 610 2321 doctique
624 2245 871 2323 amplectantur:
894 2268 987 2308 nemo
1002 2268 1058 2326 per
1071 2268 1122 2310 me
1136 2249 1257 2327 cogitur
1269 2248 1342 2327 plus
1354 2266 1460 2324 sapere
1473 2264 1569 2323 quam
1583 2242 1667 2303 velit.

466 2340 527 2401 Sed
537 2340 604 2414 hos,
615 2341 660 2402 mi
673 2343 783 2419 Marce,
794 2346 898 2405 valere
908 2346 1060 2406 sinamus.
1088 2346 1154 2406 Nos
1166 2365 1242 2422 pure
1252 2344 1492 2421 Christianeque
1502 2340 1671 2418 diligamus

410 2464 412 2467 ·
466 2439 573 2511 bonos,
599 2440 700 2500 malos
733 2442 913 2517 toleremus,
939 2442 967 2504 si
998 2441 1084 2504 vinci
1116 2443 1229 2518 nolint,
1258 2463 1297 2504 ne
1328 2440 1499 2502 benefactis
1531 2438 1668 2516 quidem.

406 2535 453 2600 ¹⁶5
466 2534 637 2612 Reperient
656 2537 825 2615 aliquando
845 2539 966 2601 similes
987 2540 1075 2601 labra
1095 2540 1236 2601 lactucas
1280 2540 1450 2615 Continget
1474 2535 1559 2598 malo
1587 2535 1671 2597 nodo

465 2632 567 2693 malus
588 2653 715 2710 cuneus,
730 2639 763 2696 et

750 2766 827 2826 dum
841 2766 947 2845 fragili
960 2772 1115 2845 quaerunt
1130 2768 1251 2830 illidere
1265 2767 1383 2840 dentes,

629 2860 763 2923 Illident
775 2863 885 2925 solido.

468 2989 547 3051 Mihi
561 3010 626 3051 non
639 2996 687 3053 est
702 3012 759 3054 nec
772 2995 875 3055 ocium
889 3015 946 3056 neo
966 2997 1093 3056 animus
1113 3015 1185 3057 oum
1202 2995 1261 3056 hac
1281 2994 1394 3055 luctari
1411 2992 1521 3054 scabie

409 3104 456 3158 170
510 3088 618 3150 Nolim
629 3094 660 3151 te
671 3094 727 3152 tuo
737 3091 936 3154 incommodo
945 3093 1009 3155 huc
1018 3093 1179 3156 aduolare:
1194 3092 1313 3171 alioqui
1322 3090 1521 3170 gratissimus
1534 3088 1670 3150 iuturus

467 3186 550 3265 19⁵0,
561 3191 597 3249 Vi
611 3208 707 3266 ⁸P0f0,
718 3189 808 3251 breui
823 3192 855 3251 te
867 3190 977 3266 visam,
989 3191 1055 3253 dies
1065 3191 1186 3270 aliquot
1199 3194 1328 3253 acturus
1337 3189 1421 3267 apud
1436 3191 1469 3248 te
1482 3190 1514 3248 et
1527 3186 1672 3248 animum

466 3284 648 3364 expleturus
670 3291 725 3349 tua
745 3290 971 3352 consuetudine
991 3290 1172 3371 priusquam
1194 3289 1271 3350 hinc
1294 3289 1403 3350 abeam
1416 3309 1423 3361 ;
1436 3362 1437 3366 Ἰ
1450 3285 1575 3347 etiamsi
1595 3284 1672 3346 hinc

406 3445 408 3450 .
471 3383 555 3461 abeo,
571 3404 636 3445 non
652 3385 707 3448 diu
722 3387 899 3450 abfuturua
941 3389 977 3450 Si
991 3388 1150 3451 Basileam
1168 3388 1256 3463 adeo,
1268 3387 1427 3448 rediturus
1441 3404 1511 3445 sum
1525 3382 1672 3460 proximo

466 3486 641 3559 autumno;
675 3484 704 3545 si
730 3486 908 3562 Venetiam,
937 3487 1082 3566 proximo
1109 3506 1189 3548 vere.
1233 3486 1280 3546 De
1307 3485 1427 3546 Ioanne
1454 3479 1574 3541 famulo
1601 3498 1672 3541 meo

407 3591 453 3645 ι75
466 3579 603 3641 demiror
623 3585 654 3642 te
675 3581 757 3643 nihil
779 3584 970 3658 meminisse,
985 3606 1078 3663 quem
1100 3585 1134 3644 in
1155 3582 1306 3661 Augliam
1327 3584 1401 3642 ante
1417 3597 1559 3640 mensem
1578 3576 1672 3650 misi;

466 3697 542 3739 nam
554 3680 591 3754 is,
608 3681 726 3758 opinor,
741 3681 891 3743 salutauit
904 3685 944 3743 te.
989 3684 1076 3744 Bene
1089 3683 1167 3753 vals,
1181 3681 1354 3742 amicorum
1368 3675 1578 3756 integerrime.

510 3777 643 3839 Louanii
658 3778 809 3856 postridie
822 3780 946 3841 Pascae.
991 3782 1088 3841 Anno
1103 3801 1135 3840 n.
1141 3798 1267 3840 n.xv111.

612 4113 615 4120 ¹
724 4033 927 4135 ΠΒΒΙΟΜ,000
972 4032 1072 4097 Facu
1096 4031 1259 4095 Wrnsmu
1283 4031 1461 4095 Buuasus.

503 4196 628 4270 Farrago
640 4217 669 4269 p.
684 4216 724 4256 ιο.
1459 4195 1546 4254 Paris.

504 4285 534 4340 F.
547 4304 574 4356 p.
592 4300 656 4358 179:
675 4287 744 4345 HN:
764 4288 853 4343 hond.
866 4287 909 4343 iii.
922 4302 974 4359 52:
994 4287 1049 4342 LB.
1064 4305 1125 4358 310.
1377 4301 1408 4341 ra
1419 4286 1502 4357 April
1517 4283 1635 4359 (1518).

501 4413 572 4479 [uno
588 4415 749 4465 abundance
769 4415 799 4465 oi
816 4418 940 4466 variants
955 4417 1013 4466 and
1028 4419 1189 4466 annections
1208 4418 1237 4464 in
1249 4415 1299 4466 the
1310 4414 1438 4464 ditterent
1446 4414 1567 4463 editions
1580 4412 1672 4462 shows

469 4479 531 4529 that
555 4494 623 4529 even
646 4481 695 4530 the
711 4485 919 4545 contemporary
937 4483 1059 4545 printers
1079 4484 1133 4532 and
1152 4483 1254 4533 editors
1273 4480 1360 4531 found
1378 4481 1436 4529 this
1456 4480 1565 4542 elegant
1585 4494 1671 4529 corre·

468 4546 624 4607 spondence
635 4547 751 4597 tedicus.

500 4610 567 4661 This
578 4611 659 4661 letter
669 4627 725 4662 was
735 4614 839 4663 carried
851 4615 887 4675 by
898 4613 1041 4676 adolphus
1053 4613 1184 4664 Eichholz
1196 4614 1255 4678 (ltp.
1268 4614 1326 4675 819.
1340 4627 1352 4661 1
1366 4613 1407 4675 n.)
1418 4627 1424 4670 ;
1441 4611 1491 4659 but
1503 4611 1573 4661 atter
1584 4614 1671 4661 trans·

468 4860 491 4905 D
504 4792 702 4905 152.l·;13uinque
713 4797 771 4844 add.
782 4798 812 4845 D.
883 4810 936 4858 154.
948 4794 1020 4856 quod
1031 4808 1087 4844 non
1096 4795 1197 4856 egerim
1206 4793 1401 4855 sycophantam
1410 4796 1467 4841 add.
1475 4795 1506 4841 D.
1576 4793 1631 4853 1⁵⁶·
1642 4797 1673 4839 vt

500 4869 540 4904 :e
609 4891 616 4903 .

492 5026 547 5085 1⁶7.
565 5023 631 5073 dum
640 5023 744 5089 fragili]
757 5025 798 5074 Cf.
810 5025 877 5074 Hor.
887 5029 911 5073 S.
920 5038 945 5073 a.
956 5039 977 5075 1.
993 5025 1059 5087 ηδ.
1162 5037 1215 5084 η4.
1233 5020 1350 5086 Ioanne]
1363 5021 1454 5071 smila
1467 5038 1475 5085 ;
1494 5037 1538 5071 see
1550 5036 1576 5085 p
1590 5036 1650 5084 ²15·
