3867 6034
276 705 350 791 με]
529 712 584 774 rro
608 715 780 776 Annam
808 716 863 777 or
888 713 1220 776 Branodunum
1414 712 1474 773 1⁷7

275 866 434 928 diumnm
453 868 584 930 ditionis
603 873 674 930 tuae
691 874 812 947 partem
831 870 940 947 procul
957 872 991 929 te
1008 868 1192 944 contuleras,
1209 887 1334 929 rursum
1351 868 1406 929 vbi
1422 887 1474 928 me

272 965 444 1043 reciperem
463 965 498 1027 in
519 968 662 1044 patriam,
687 969 750 1029 iam
770 968 854 1045 apud
875 968 1038 1029 Gaesarem
1058 967 1169 1043 agebas
1188 968 1370 1043 Augustae:
1390 966 1473 1044 quod

273 1064 403 1141 quidem
426 1065 487 1125 iter
513 1085 586 1126 cum
613 1065 694 1126 mihi
719 1065 768 1125 vel
790 1067 881 1126 eunti
904 1066 955 1126 vel
983 1064 1127 1125 redeunti
1153 1065 1266 1125 multis
1292 1063 1474 1125 nominibus
1487 1087 1516 1136 ²5

272 1160 448 1222 infaustum
462 1162 565 1238 fuerit,
582 1163 671 1223 nullo
690 1165 796 1223 tamen
815 1162 973 1224 infelicius
991 1181 1087 1240 quam
1104 1162 1186 1240 quod
1201 1162 1249 1221 tui
1262 1181 1327 1221 non
1342 1161 1475 1239 contigit

272 1259 369 1337 copia.
413 1259 512 1321 Porro
525 1261 602 1321 dum
615 1260 803 1339 posthabitis
819 1261 905 1321 curis
923 1260 1071 1321 omnibus
1088 1279 1145 1339 pro
1161 1259 1282 1321 viribus
1299 1260 1425 1320 adnitor
1437 1262 1473 1319 vt

273 1355 403 1417 Nouum
430 1357 668 1419 Testamentum
696 1359 800 1418 Leone
833 1358 959 1432 decimo,
990 1357 1041 1417 cui
1068 1357 1209 1417 dicatum
1238 1358 1313 1431 erat,
1342 1357 1473 1434 dignum

272 1453 414 1531 ediciam,
429 1475 465 1516 ac
482 1456 614 1533 proinde
630 1456 745 1516 iterum
766 1458 860 1532 atque
873 1456 988 1516 iterum
1005 1474 1096 1529 nouo,
1112 1454 1193 1515 mihi
1210 1474 1288 1531 pene
1306 1456 1473 1514 veternum

272 1550 405 1631 collem
429 1552 506 1613 dum
526 1553 584 1613 hoc
603 1572 622 1612 a
640 1554 729 1613 senio
748 1551 887 1626 vindico,
901 1552 982 1612 mihi
1002 1552 1126 1612 senium
1147 1552 1306 1625 contraxi3
1334 1550 1473 1629 dumque
1485 1567 1518 1617 30

272 1648 361 1724 illud,
376 1650 426 1711 vti
438 1650 559 1725 scribis,
580 1651 715 1729 pristino
732 1650 829 1710 nitori
845 1651 985 1722 restituo,
1006 1649 1086 1711 mihi
1107 1649 1297 1727 squallorem
1317 1668 1354 1709 ac
1373 1648 1473 1709 situm

272 1746 448 1810 conciliaui.
491 1747 574 1809 Nam
592 1748 682 1809 labor
698 1749 734 1821 is,
755 1751 792 1807 vt
812 1747 985 1824 voluptatis
1003 1751 1035 1807 et
1053 1747 1169 1826 gloriae
1186 1765 1282 1824 quam
1302 1746 1472 1807 minimum

271 1845 376 1919 babet,
404 1846 450 1907 ita
480 1846 577 1907 taedii
608 1846 833 1923 molestiaeque
865 1846 1048 1922 plurimum.
1100 1847 1149 1906 Ac
1181 1863 1262 1921 pene
1295 1843 1473 1920 duplicabat

271 1943 453 2005 molestiam
467 1944 550 2022 quod
570 1943 746 2022 complures
764 1943 921 2021 experirer
938 1943 1175 2021 ingratissimos,
1192 1961 1326 2020 quorum
1340 1940 1472 2002 utilitati

271 2041 473 2117 potissimum
494 2043 623 2102 tantum
644 2041 759 2103 laboris
780 2040 998 2102 desudabatur.
1052 2041 1193 2101 Tandem
1217 2042 1250 2100 et
1272 2059 1291 2100 a
1314 2038 1472 2100 laboribus
1485 2057 1516 2107 35

272 2137 387 2214 quibus
408 2138 625 2216 distrIngebar,
644 2141 676 2199 et
696 2160 714 2199 a
735 2138 853 2199 morbis
873 2139 929 2216 qui
949 2159 1001 2200 me
1021 2138 1248 2217 propemodum
1267 2136 1470 2210 extinxerant

272 2238 430 2313 vmnnque
450 2236 531 2296 mihi
552 2237 727 2310 restitutus,
752 2236 843 2296 officii
864 2237 928 2297 mei
947 2236 1131 2297 meminisse
1151 2235 1246 2311 coepi,
1268 2237 1362 2311 atque
1386 2234 1472 2294 hisce

270 2332 380 2408 literis,
403 2337 527 2413 qnando
551 2335 653 2395 adhuc
677 2354 766 2395 secus
790 2334 957 2408 nonlicet,
980 2333 1220 2411 amplitudinem
1240 2336 1328 2392 tuam
1349 2330 1472 2406 salutm

270 2430 429 2510 simulque
437 2432 577 2509 gratulor
585 2436 633 2494 tot
641 2433 835 2493 ornamentis
842 2433 906 2492 tuis
914 2431 1129 2493 cardinaiiciae
1138 2430 1302 2507 dignitatis
1309 2429 1471 2508 fastigium

270 2529 445 2603 messinae,
468 2530 552 2590 vnde
574 2530 635 2590 tibi
659 2531 718 2590 hoc
742 2529 836 2590 etiam
857 2528 930 2607 plus
954 2528 1074 2589 decoris
1097 2527 1281 2589 adiunctum
1305 2530 1362 2601 est,
1388 2527 1470 2604 quod
1485 2548 1517 2596 40

271 2646 290 2687 a
311 2627 467 2689 Pontifice
488 2628 690 2706 integerrimo
710 2647 768 2687 nec
787 2630 932 2704 emptum
953 2646 1009 2687 nec
1029 2626 1183 2686 ambitum
1203 2624 1324 2702 obtigit,
1346 2628 1378 2685 et
1395 2625 1472 2685 adeo

272 2744 339 2786 non
359 2725 514 2787 ambitum
532 2728 576 2800 vt,
592 2725 655 2785 nisi
675 2724 886 2785 Maximiliani
904 2725 1045 2785 Caesaris
1062 2724 1230 2784 autoritate
1249 2726 1363 2798 motus,
1380 2723 1472 2784 obsti·

271 2826 344 2883 nate
359 2823 457 2885 fueris
471 2827 675 2884 recusaturus.
720 2823 935 2884 Adiunximue
952 2822 1103 2900 epistolae
1116 2822 1262 2883 libellum
1281 2822 1320 2882 de
1338 2821 1472 2882 Ratione

271 2920 378 2981 Studii
404 2920 592 2998 Theolcgici,
619 2941 684 2983 non
708 2924 744 2982 vt
769 2921 827 2981 hoc
851 2923 906 2981 tuo
931 2921 1053 2981 nomini
1081 2921 1220 2981 dedicato
1248 2920 1343 2981 fidem
1367 2940 1471 2982 meam
1541 2919 1544 2924 ’

270 3018 412 3093 bberem,
425 3039 536 3080 verum
546 3023 582 3079 vt
596 3020 654 3079 hoc
664 3018 753 3080 velut
765 3017 916 3079 arrabone
927 3020 1000 3079 dato
1014 3019 1116 3096 magis
1128 3038 1164 3079 ac
1175 3018 1276 3096 magis
1288 3018 1467 3096 astringam.
1482 3037 1514 3088 45

310 3115 448 3195 Optabat
466 3118 503 3178 R.
520 3118 555 3178 Τ.
572 3118 609 3179 D.
626 3122 663 3177 vt
681 3116 828 3177 diuorum
840 3116 922 3177 vitas
940 3116 1130 3177 illustrarem
1146 3135 1217 3176 meo
1229 3116 1311 3176 stilo.
1354 3116 1400 3176 At
1413 3136 1470 3193 ego

271 3217 402 3276 conatus
426 3234 497 3275 snm
520 3220 554 3276 vt
578 3216 639 3293 ipsi
663 3216 810 3275 diuorum
834 3215 969 3291 principi
992 3234 1062 3275 mea
1085 3213 1292 3291 qualicunque
1314 3213 1470 3274 industria

270 3311 347 3373 lucis
361 3312 511 3373 nonnihil
526 3313 681 3373 adderem.
725 3312 808 3371 Nam
827 3313 940 3389 gaudet
956 3312 1019 3386 ille,
1036 3311 1134 3371 totius
1151 3310 1267 3388 gloriae
1280 3310 1358 3384 fons,
1375 3311 1470 3370 etiam

271 3410 332 3487 piis
359 3430 490 3471 suorum
516 3411 630 3471 studiis
656 3414 813 3488 atcunque
839 3410 1008 3471 nobilitari.
1061 3409 1225 3470 Caeterum
1251 3427 1395 3468 sermone
1416 3409 1470 3467 vix

270 3509 419 3586 consequi
433 3529 545 3586 queam
559 3513 748 3587 quantopere
762 3510 904 3569 deamem
918 3508 1057 3568 indolem
1071 3508 1164 3567 istam
1177 3509 1274 3578 tuam,
1288 3506 1339 3565 cui
1351 3504 1468 3578 iuueni,
1483 3526 1516 3577 50

270 3607 352 3667 inter
380 3609 429 3667 tot
456 3607 586 3667 ditionis
614 3607 880 3667 administrandae
907 3605 1092 3666 necessarias
1118 3603 1220 3681 magis
1246 3622 1342 3681 quam
1369 3622 1471 3663 sacras

271 3703 509 3777 sollicitudines,
526 3704 606 3764 illud
625 3703 676 3764 vel
695 3704 729 3763 in
751 3704 861 3781 primis
880 3704 965 3764 cordi
986 3706 1042 3776 eet,
1062 3706 1098 3762 vt
1117 3703 1261 3762 diuorum
1280 3700 1371 3775 vitae,
1392 3720 1470 3777 quae

272 3801 386 3878 partim
400 3802 559 3862 habentur
571 3801 689 3862 tabulis
701 3801 839 3862 anilibus
857 3801 1046 3875 simillimae,
1063 3800 1178 3877 partim
1192 3819 1228 3859 eo
1243 3799 1381 3876 proditae
1395 3798 1469 3859 stilo

271 3903 304 3958 rt
328 3919 422 3960 nemo
446 3900 556 3960 doctus
583 3903 637 3960 aut
661 3898 767 3977 grauis
790 3898 905 3975 absque
930 3917 1044 3958 nausea
1071 3897 1168 3974 possit
1195 3895 1303 3973 legere,
1330 3896 1469 3973 primum

271 3996 386 4057 maiore
406 3997 529 4059 delectu
550 3997 727 4073 maioreque
746 3996 816 4073 lide,
838 3997 910 4056 dein
931 4015 1074 4056 sermone
1093 3995 1121 4055 si
1142 4014 1206 4056 non
1225 3994 1366 4071 facundo,
1386 3999 1469 4056 certe
1482 4013 1512 4065 55

272 4096 392 4156 mundo
417 4102 562 4174 castoque
587 4097 759 4156 tradantur.
812 4094 967 4171 Perspicit
992 4093 1143 4154 nimirum
1168 4097 1221 4153 tua
1247 4093 1413 4171 prudentia
1435 4094 1468 4153 id

303 4317 598 4381 4α1ιοοβῑγεωη.β’.
700 4318 832 4382 quodlib:
850 4319 953 4381 ᾳιιίᾱγ.
1082 4334 1122 4378 ⁴²·
1141 4319 1279 4371 motusB:
1296 4320 1433 4379 permotus
1445 4315 1465 4379 ζ.

271 4399 310 4445 55
328 4383 391 4445 5¹7:
410 4386 433 4432 ai
445 4400 500 4434 non
512 4401 635 4436 sermone
646 4386 684 4440 β’.

270 4516 537 4566 onwhiebltrasmus
546 4519 672 4567 returned
681 4517 843 4567 iromBasle.
926 4531 965 4575 43.
986 4516 1169 4565 adiunximus
1194 4549 1200 4563 .
1224 4529 1287 4576 .45.
1306 4514 1467 4579 astringam]

271 4581 844 4645 Albesstoqwuatdngaburg,tobein·
893 4582 959 4630 Alco
980 4581 1068 4629 added
1096 4582 1126 4629 in
1157 4582 1227 4642 1518.
1279 4581 1364 4630 There
1386 4581 1409 4629 is
1432 4596 1467 4630 no

271 4646 362 4695 vested
373 4662 403 4696 aa
414 4647 538 4697 cardinal
549 4649 586 4712 by
598 4649 735 4709 Caietano,
751 4663 762 4696 1
773 4649 841 4710 Aug.
893 4647 1003 4709 printed
1019 4647 1124 4695 edition
1138 4648 1168 4695 of
1180 4646 1228 4695 the
1243 4650 1311 4694 Ratio
1323 4646 1412 4694 before
1422 4646 1467 4706 ⁶¹3

274 4713 341 4773 1518.
893 4712 948 4761 and
961 4714 984 4759 it
995 4716 1094 4761 cannot
1102 4712 1171 4761 bare
1183 4714 1249 4762 been
1261 4714 1323 4760 sent
1332 4715 1359 4760 to
1370 4712 1466 4762 Albert

301 4792 341 4839 aa
365 4776 551 4845 simulque..
572 4816 578 4828 .
602 4795 641 4841 43.
661 4778 844 4843 recusaturus]
895 4780 925 4827 in
940 4792 999 4836 ma,
1014 4778 1113 4840 iorEp.
1127 4778 1296 4840 976implies
1311 4777 1372 4826 that
1387 4778 1465 4827 Eras-

270 4844 334 4892 Alao
356 4843 444 4892 added
468 4844 498 4892 in
520 4845 657 4906 15xe;for
677 4844 772 4893 lilbert
791 4859 845 4892 was
896 4844 963 4892 mus’
985 4844 1044 4892 first
1066 4844 1219 4892 dedication
1242 4846 1269 4891 to
1291 4843 1387 4892 Albert
1409 4858 1466 4892 was

270 4909 333 4970 only
355 4909 465 4958 created
489 4910 610 4958 cardinal
635 4926 670 4960 on
699 4926 729 4970 24
751 4910 844 4959 biarch
895 4912 1101 4971 contemporary
1111 4910 1180 4958 with
1194 4910 1292 4958 Beatus
1307 4909 1463 4959 Rhenanus’

273 4975 341 5036 1518.
377 4973 601 5038 Βου1ω11.ῃ,ἃ
896 4975 1000 5023 edition
1013 4975 1112 5025 ossan.
1127 4990 1198 5038 1519.

315 5074 396 5106 anm
409 5072 443 5106 m
860 5078 878 5117 pq
