3867 6034
452 697 511 758 152
797 695 987 759 tumus
1015 695 1068 756 01⁴¹
1094 696 1296 758 ERASMUS
1550 690 1645 777 [15¹7

450 872 515 913 non
528 855 617 913 vacet
630 851 681 912 vel
695 852 802 930 pauoie
811 852 988 929 significare
1001 852 1084 929 quod
1097 850 1241 929 poetulo:
1262 850 1390 929 quodni
1403 850 1485 924 faeie,
1498 850 1645 929 colligam

422 953 506 1019 saut
526 945 679 1010 offensum
696 953 727 1009 te
744 952 799 1009 aut
814 951 951 1027 priorem
969 949 1062 1010 illum
1080 949 1254 1010 tumultum
1273 948 1369 1009 fuieee
1384 948 1566 1010 ludibrium.
1612 950 1646 1011 Si

450 1047 526 1124 quid
540 1047 678 1108 offensus
694 1067 736 1121 ee,
751 1048 835 1124 aperi
855 1048 930 1126 quid
953 1047 1066 1122 doleat,
1081 1067 1142 1125 quo
1159 1047 1213 1109 uel
1228 1046 1346 1108 mederi
1365 1048 1417 1108 vel
1435 1047 1470 1106 in
1484 1051 1644 1124 posterum

450 1146 531 1205 oerte
552 1164 661 1205 oauere
681 1144 810 1222 poesim.
851 1146 909 1207 Sin
928 1144 1023 1207 ludue
1043 1145 1105 1207 tuit
1122 1144 1178 1206 illa
1196 1145 1281 1224 prior
1299 1145 1460 1205 literarum
1476 1143 1644 1222 tragoedia,

451 1242 543 1320 cupio
557 1242 705 1321 quioquid
719 1246 767 1303 eet
780 1262 972 1321 eognoeoere.
1015 1243 1103 1304 Bene
1117 1242 1196 1317 vele,
1213 1243 1391 1303 doetieaime
1404 1241 1539 1303 Budaee.

490 1339 624 1400 Louanii
637 1339 734 1401 natali
747 1340 824 1401 Diui
837 1341 990 1403 Andreae.
1028 1343 1090 1402 An.
1106 1360 1174 1402 nn.
1195 1355 1239 1415 17.

822 1538 896 1600 724.
940 1534 990 1599 To
1011 1534 1125 1599 dauns
1147 1533 1274 1599 Frena

486 1668 628 1725 Deventer
639 1668 697 1725 MS.
711 1683 755 1739 91,
769 1669 789 1724 f.
803 1684 846 1740 79.
1380 1667 1512 1725 Louvain
1629 1675 1631 1677 ’

486 1755 543 1813 LB.
555 1757 629 1827 App.
641 1770 702 1813 211.
1277 1772 1312 1826 30
1326 1755 1481 1813 November
1495 1752 1611 1827 (1517).

889 1850 1053 1915 [Following
1065 1852 1114 1914 Ep.
1128 1852 1199 1917 ⁶5e]

811 1982 964 2030 ERASMVS
987 1982 1098 2031 FABRO
1120 1983 1182 2032 SVO
1204 1984 1230 2032 S.
1249 1983 1282 2034 Ι).

491 2104 641 2165 Mienm
664 2104 704 2165 ad
732 2106 762 2164 te
787 2123 843 2181 per
869 2102 1051 2181 theologum
1079 2104 1236 2180 quendam
1263 2104 1462 2182 Apologium‚
1486 2124 1549 2182 qua
1575 2108 1648 2165 tuae

451 2201 655 2281 disputationi
678 2201 731 2262 vel
755 2200 859 2278 potina
880 2200 1093 2261 criminationi
1114 2203 1294 2279 respondeo.
1337 2202 1384 2262 Ea
1405 2203 1433 2263 ei
1455 2206 1487 2262 te
1507 2202 1647 2277 offendit,

451 2299 511 2360 tibi
527 2299 666 2376 imputes
683 2300 812 2375 oportet
857 2298 959 2358 Erant
976 2301 1043 2358 tarn
1053 2298 1161 2373 multe,
1177 2302 1243 2359 tam
1260 2300 1387 2373 atrocia,
1400 2304 1437 2361 vt
1451 2300 1649 2361 dieeimulnre

452 2416 509 2457 neo
530 2396 686 2475 potuerim
710 2416 766 2456 neo
790 2396 961 2457 debuerim.
1005 2396 1045 2457 Id
1068 2415 1131 2458 vno
1154 2416 1207 2457 ore
1231 2416 1356 2476 unoque
1380 2396 1486 2457 animo
1508 2398 1649 2458 sentiunt

424 2512 563 2577 5omnee
584 2494 639 2571 qui
663 2497 718 2554 tua
741 2492 891 2571 legenmt
936 2493 971 2554 Si
992 2495 1168 2571 responden,
1190 2514 1286 2573 queso
1307 2498 1348 2570 te,
1369 2495 1553 2556 memineris
1573 2495 1649 2573 quid

452 2590 552 2652 Fabio
579 2590 711 2668 dignum
738 2591 789 2664 eit,
820 2590 848 2650 ei
874 2594 1000 2651 nostrae
1026 2591 1184 2654 amioitiae
1211 2611 1322 2669 parum
1349 2611 1417 2653 esee
1443 2592 1649 2653 tribuendum

452 2691 559 2764 putas:
587 2707 682 2766 quam
702 2706 759 2765 ego
779 2690 861 2748 oerte
882 2689 1015 2765 plurimi
1034 2689 1120 2751 faoio.
1163 2690 1258 2751 Vides
1279 2691 1443 2769 plerosque
1463 2690 1503 2750 ad
1523 2689 1651 2751 melodi·

452 2785 542 2846 oendi
569 2786 690 2846 rabiem
716 2785 889 2847 aooinetoe:
924 2805 964 2847 ne
992 2787 1104 2849 demus
1135 2808 1244 2850 ansam
1273 2788 1454 2849 huiusmodi
1481 2788 1650 2849 hominum

453 2884 567 2963 generi
619 2882 730 2943 Dooeri
750 2903 801 2944 me
820 2884 932 2962 patiar,
953 2886 1055 2963 patiar
1075 2890 1108 2947 et
1134 2886 1329 2964 reprehendi.
1371 2885 1572 2962 Impietatem
1594 2886 1651 2947 im·

412 3016 442 3052 10
453 2981 540 3060 pingi
562 2980 598 3041 in
618 2981 788 3056 Christum,
812 3000 884 3043 oum
908 3001 973 3043 non
993 3003 1121 3057 merear,
1144 3003 1209 3044 non
1232 2985 1341 3046 feram.
1392 2984 1479 3044 Bene
1498 2982 1577 3058 vele,
1600 2984 1650 3045 vir

453 3079 577 3157 optime,
599 3098 726 3157 noeque,
747 3079 840 3141 siouti
856 3079 945 3154 solea,
964 3099 1043 3156 uma,
1065 3081 1114 3143 tui
1134 3101 1173 3142 ex
1193 3083 1301 3143 animo
1321 3084 1471 3143 emeriten

493 3177 625 3238 Louanii
639 3176 746 3238 Natali
759 3177 827 3238 diui
839 3178 992 3239 Andreae.

663 3371 737 3437 ⁷25.
779 3370 829 3436 To
850 3371 944 3437 Jouu
968 3372 1135 3437 Prnnnus
1157 3372 1435 3437 n'Auonuennun

489 3506 632 3563 Deventer
644 3504 704 3562 MS.
716 3505 793 3577 91,f.
805 3508 841 3574 46
852 3512 892 3561 νο.
1399 3508 1533 3564 bouvein.

491 3594 546 3649 LB.
559 3595 632 3665 App.
645 3610 706 3664 213.
1319 3611 1354 3665 3⁰
1366 3595 1524 3652 November
1538 3610 1615 3666 1517·

457 3782 463 3791 ·
489 3714 713 3779 [contemporary
729 3714 797 3764 with
815 3715 883 3777 Epp.
904 3729 960 3777 τοι,
979 3729 1070 3777 723-4.
1102 3715 1154 3764 For
1169 3715 1218 3765 tbe
1235 3715 1458 3776 d'Anglebermee
1474 3732 1518 3766 aee
1535 3718 1584 3780 Ep.
1605 3732 1650 3776 140

455 3779 568 3844 mm]
804 3862 958 3909 mesuvs
980 3861 1118 3911 PYRRHO
1140 3862 1202 3909 SVO
1224 3864 1250 3910 S.
1269 3864 1302 3913 D.

494 3983 675 4043 Vonvrrm
709 3982 771 4043 fuit
806 3987 860 4044 tua
894 3982 1037 4061 epistole.
1091 3983 1136 4044 Te
1170 3983 1290 4057 florere,
1322 3987 1443 4059 patrem
1478 3983 1652 4044 etiamnum

455 4083 600 4158 vegetum
632 4099 699 4141 enee
731 4100 805 4141 aene
838 4081 965 4159 gaudeo.
1010 4081 1082 4142 Non
1117 4080 1321 4142 abhorrebam
1352 4100 1371 4141 a
1403 4080 1514 4156 Gellia,
1544 4101 1652 4141 verum

457 4174 561 4259 [mihi]
589 4181 659 4238 tum
689 4178 770 4238 mihi
800 4180 943 4239 nondum
976 4181 1042 4238 erat
1072 4181 1178 4239 tutum
1210 4178 1248 4237 de
1281 4178 1444 4255 migrando
1472 4179 1567 4257 loqui,
1596 4198 1652 4239 nee

455 4276 531 4337 satie
558 4275 660 4337 adhue
684 4278 773 4336 erent
801 4280 884 4336 oerta
911 4295 971 4354 que
1001 4275 1098 4336 iatine
1130 4275 1361 4337 offerebantur:
1401 4280 1433 4337 et
1460 4276 1565 4337 neseio
1593 4296 1653 4355 quo

428 4377 545 4453 5pnoto
571 4373 729 4436 tumultus
755 4373 810 4435 ille
836 4375 937 4434 mirus
963 4373 1055 4435 initio
1085 4373 1124 4434 de
1152 4392 1202 4433 me
1230 4374 1312 4433 istuc
1339 4376 1521 4435 acoemendo
1548 4375 1653 4436 eubito

455 4473 643 4552 conquieuit.
680 4471 816 4534 Tantum
830 4472 960 4533 Budeue
973 4472 1007 4533 in
1021 4470 1138 4532 litteris
1150 4471 1216 4532 auia
1231 4471 1392 4545 adiecerat,
1409 4472 1491 4548 quod
1506 4473 1654 4533 attineret

456 4571 495 4634 ad
516 4571 732 4634 Guilhelmum
753 4571 847 4633 illum
868 4573 920 4649 τὴν
939 4573 1090 4648 ἐπίκλησιν
1108 4570 1227 4648 Μικρὸν,
1241 4571 1291 4630 τὸν
1307 4572 1364 4631 ἀπὸ
1382 4574 1437 4631 τῶν
1453 4573 1653 4652 ὁμολογήσων

873 4715 929 4765 725.
945 4732 970 4776 4.
990 4714 1173 4766 odorabantur
1183 4717 1236 4764 18.

490 4839 545 4890 728.
564 4854 588 4902 5.
600 4838 763 4902 tumultum]
773 4838 813 4887 Cf.
826 4839 875 4901 Ep.
886 4839 945 4900 689.
1113 4851 1135 4897 5.
1155 4836 1303 4901 tumultus]
1315 4836 1355 4888 Cf.
1369 4838 1416 4900 Ep.
1430 4852 1485 4898 723.

489 4905 546 4954 725.
563 4920 587 4966 3.
605 4906 677 4970 tum]
694 4906 729 4956 In
744 4904 804 4953 Feb.
828 4904 957 4965 1517305.
976 4904 1024 4966 Ep.
1111 4904 1136 4949 6.
1153 4901 1265 4966 litteris]
1279 4903 1327 4965 Ep.
1338 4904 1397 4964 568.

457 4986 514 5035 522,
528 4971 571 5021 do
1113 4982 1136 5028 7.
1153 4968 1353 5032 Guilhelmum]
1365 4969 1414 5017 See
1426 4969 1473 5031 Ep.
1486 4984 1544 5030 522.
1560 4984 1588 5030 η
1602 4986 1628 5019 n.
