3867 6034
389 711 431 772 ss
738 710 928 773 carrusa
955 710 1009 772 or
1034 709 1235 772 nsnsuos
1488 702 1585 789 [1517

389 866 564 927 scribendis
584 866 674 929 libris
691 866 868 946 praeuisore
886 866 987 927 vtitur
1004 864 1177 943 Egnatiusz
1201 864 1256 942 qui
1274 884 1325 925 me
1344 861 1455 924 ordine
1472 862 1585 925 salute·

388 968 472 1025 runt
511 965 686 1027 Productus
695 968 743 1026 est
754 965 848 1025 etiam
858 964 965 1025 infans
974 964 1113 1025 Aldinus
1127 966 1159 1023 et
1171 964 1276 1025 iussus
1285 961 1391 1023 osculo
1402 960 1586 1021 Huttsnum

389 1063 535 1141 accipere.
577 1064 709 1124 Munera
733 1062 844 1124 deinde
869 1063 982 1137 oblata,
1002 1063 1169 1123 Suetonius
1187 1058 1249 1144 [st]
1267 1060 1382 1140 quique
1402 1062 1473 1137 post
1489 1060 1585 1120 illum

345 1178 378 1228 45
389 1161 473 1223 vitas
493 1163 660 1223 Caesarum
683 1163 886 1240 scripserunt,
907 1161 956 1222 De
980 1162 1089 1223 officiis
1113 1161 1188 1222 libri
1209 1160 1376 1235 Ciceronis,
1399 1163 1432 1221 ct
1455 1159 1587 1237 Egnaoii

390 1262 534 1321 Caesares
558 1279 658 1337 nuper
681 1261 765 1336 edib‘,
790 1260 921 1338 dataque
945 1260 1034 1339 optio
1055 1260 1130 1338 quid
1153 1260 1267 1322 vellem
1291 1264 1458 1339 praeterea
1502 1259 1587 1319 Dsos

390 1377 501 1420 omnes
521 1360 639 1434 adiuro,
663 1359 844 1420 charissime
863 1359 1002 1435 Erasme,
1025 1358 1176 1420 maiorem
1197 1360 1428 1421 humanitatem
1449 1376 1515 1418 non
1535 1356 1586 1417 in·

389 1458 520 1532 uenisse,
553 1458 581 1518 si
615 1457 720 1518 orbem
755 1456 1014 1535 peregrinationis
1047 1477 1135 1517 meas
1169 1462 1314 1518 retexam.
1368 1456 1512 1517 Venetiis
1545 1454 1587 1514 ad

391 1557 563 1617 Germanos
587 1559 711 1617 nostros
733 1556 831 1629 redii;
851 1575 984 1632 cumque
1013 1558 1189 1632 Augustam
1215 1555 1416 1633 appulissem,
1446 1553 1480 1614 in
1507 1552 1587 1612 Peu-

346 1670 378 1720 50
391 1653 557 1731 tingerum,
582 1653 734 1715 Iacobum
758 1654 888 1732 Spigbel
911 1657 944 1714 et
967 1653 1112 1714 Stabium
1136 1652 1394 1715 mathematicum
1421 1650 1528 1723 incidi,
1553 1652 1588 1709 et

390 1751 557 1828 productus
578 1752 616 1812 ab
636 1752 702 1812 illis
721 1752 760 1813 ad
781 1753 951 1828 Gaesarem,
968 1771 1082 1813 corona
1098 1752 1219 1830 poetica
1238 1752 1274 1811 in
1294 1770 1409 1828 magno
1429 1748 1587 1810 nobilium

388 1852 544 1910 conuentu
558 1850 692 1910 donatus
704 1868 787 1911 sum.

430 1947 510 2007 Ecce
524 1947 583 2007 tibi
596 1947 724 2007 annales
737 1968 831 2023 meos
847 1967 933 2009 nunc
946 1948 986 2008 ad
1004 1948 1074 2009 alia
1117 1947 1194 2009 Vidi
1207 1948 1336 2009 Nouum
1349 1946 1587 2006 Testamentum

389 2065 447 2106 suo
467 2045 524 2105 abs
543 2048 576 2105 te
595 2044 753 2122 splendori
772 2047 951 2122 redditum3
971 2046 1047 2119 vidi,
1062 2046 1202 2123 inquam,
1219 2049 1252 2107 et
1272 2043 1478 2106 honorificem
1497 2042 1587 2102 illam

347 2161 378 2212 ⁵5
390 2144 428 2203 de
451 2162 503 2203 me
524 2142 587 2220 legi
607 2143 810 2204 mentionem.
861 2145 982 2220 Quaeso
1006 2144 1083 2221 quid
1104 2148 1136 2204 ts
1158 2145 1262 2203 mouit
1285 2143 1367 2203 tanti
1388 2142 1488 2203 faeere
1511 2142 1587 2202 me?

390 2242 458 2301 Aut
476 2240 551 2317 quid
571 2240 701 2301 omnino
720 2245 787 2302 erat
804 2241 839 2302 in
857 2262 909 2302 me
927 2242 990 2302 tale
1007 2246 1043 2302 vt
1060 2242 1192 2320 dignum
1213 2242 1339 2302 duceres
1357 2244 1413 2301 tuo
1430 2238 1587 2316 precone?

390 2337 631 2400 Humanissime
644 2339 781 2417 Erasme,
794 2360 889 2417 quam
902 2341 1021 2402 videris
1032 2360 1137 2401 amare
1147 2341 1345 2402 Huttenum!
1365 2338 1421 2417 qui
1434 2340 1467 2397 te
1479 2339 1588 2397 tamen

390 2436 479 2495 nullo
489 2454 627 2512 vnquam
641 2437 753 2498 merito
764 2438 937 2499 obnoxium
946 2438 1011 2499 sibi
1020 2440 1166 2500 reddidit.
1201 2437 1302 2498 ‘Pene
1316 2436 1397 2498 mibi
1411 2433 1588 2509 exciderat,'

390 2534 505 2612 inquis.
547 2535 594 2595 Ne
617 2536 646 2596 si
668 2536 728 2597 tibi
754 2537 945 2615 excidionem,
971 2542 1047 2599 tunc
1073 2558 1130 2616 ego
1157 2539 1245 2599 omni
1270 2533 1368 2597 semel
1395 2532 1588 2612 posteritatis

347 2636 380 2687 60
391 2634 562 2711 cognitioni
582 2636 774 2698 excidissem.
816 2638 870 2698 Dii
889 2641 921 2698 te
941 2636 1034 2699 nobis
1054 2640 1189 2711 seruent,
1210 2635 1266 2695 lux
1285 2633 1481 2705 Germaniae,
1495 2650 1530 2692 ac
1548 2634 1586 2692 tu

390 2731 492 2809 cogita
513 2752 552 2793 ne
574 2753 705 2812 requam
729 2755 795 2796 esse
817 2735 909 2795 malis
931 2755 1027 2813 quam
1051 2735 1084 2794 in
1106 2737 1161 2795 tna
1183 2732 1357 2794 Germania.
1400 2728 1588 2790 caecutiunt

389 2829 546 2908 prinsipes
559 2832 668 2903 nostri,
681 2832 736 2892 sed
749 2835 788 2907 ts,
805 2836 890 2910 puto,
906 2831 1056 2892 videbunt
1070 2835 1136 2891 tam
1149 2831 1279 2905 clerum,
1295 2832 1361 2891 tam
1374 2826 1586 2905 splendidum.

391 2926 438 2987 De
460 2930 607 2989 mesatis
629 2950 693 2990 non
715 2932 779 2991 scio
800 2931 875 3009 quid
898 2931 960 2992 fiet
1004 2932 1082 2992 Tres
1100 2931 1162 2991 riri
1184 2948 1261 3008 quos
1282 2928 1439 3009 praefatus
1459 2944 1532 2987 sum
1551 2926 1587 2986 in

390 3026 496 3087 aulam
510 3028 648 3089 Caesaris
661 3029 806 3105 innitent
822 3028 934 3089 multis
944 3029 1018 3089 inde
1028 3028 1280 3090 retrahentibus:
1299 3027 1396 3106 aliqui
1409 3026 1447 3086 ad
1459 3023 1588 3104 Magun-

346 3131 377 3195 65
390 3123 503 3186 tinum.
547 3126 629 3201 Quid
642 3146 753 3205 sequar
764 3128 906 3189 nondum
919 3127 1023 3190 statui.
1067 3127 1107 3186 In
1121 3145 1253 3202 summa,
1270 3126 1315 3186 ita
1333 3144 1384 3185 me
1402 3123 1447 3184 dii
1460 3126 1589 3185 seruent

391 3224 484 3300 atque
511 3222 556 3282 ita
583 3226 619 3283 tu
645 3244 702 3302 pro
732 3226 893 3286 communi
921 3225 1148 3285 Germanorum
1174 3222 1273 3299 gloria
1296 3220 1473 3282 diutissime
1496 3218 1589 3280 nobis

390 3320 535 3398 supernis,
564 3322 658 3382 sicuti
688 3323 769 3383 nulli
796 3342 861 3383 non
888 3322 1060 3384 conditioni
1086 3323 1317 3400 praepositurus
1344 3340 1424 3395 sum,
1449 3319 1479 3381 si
1504 3317 1589 3379 mihi

390 3423 494 3481 tecum
522 3440 589 3481 csse
615 3420 715 3498 liceat,
741 3425 778 3484 vt
803 3422 885 3483 illud
912 3421 1053 3482 excolam
1078 3422 1243 3499 ingenium
1270 3420 1353 3498 quod
1381 3419 1501 3497 placere
1527 3415 1589 3478 tibi

390 3517 523 3579 videtur.
575 3518 610 3579 Si
635 3519 731 3605 babes
759 3521 933 3593 consilium,
958 3520 1086 3596 explica
1137 3521 1316 3596 Augustam
1343 3518 1401 3579 has
1427 3517 1520 3578 mitto
1547 3514 1589 3574 ad

348 3638 379 3690 70
392 3617 542 3679 Iacobum
566 3619 696 3696 Spiegel,
720 3619 775 3698 qni
798 3639 831 3680 se
853 3619 897 3678 ait
918 3618 1097 3695 frequentes
1118 3618 1157 3678 ad
1181 3621 1213 3679 te
1233 3618 1370 3679 viatores
1391 3616 1522 3677 habere:
1549 3634 1587 3676 eo

390 3717 540 3778 rescribes
553 3719 641 3779 mihi.
685 3718 781 3779 Dedit
793 3722 825 3779 et
843 3717 988 3793 Baptista
1006 3718 1136 3792 litteras,
1152 3736 1232 3790 quae
1247 3716 1345 3776 simul
1362 3716 1447 3775 eunt
1490 3713 1588 3775 Vides

392 3817 467 3893 quid
478 3817 556 3878 velit
569 3819 608 3878 ad
622 3822 710 3879 tuam
724 3819 897 3897 epistolam,
912 3836 1092 3895 quanquam
1106 3816 1272 3892 magnifica
1284 3814 1386 3894 magis
1399 3815 1522 3875 locutus
1535 3815 1587 3875 sit.

432 3916 481 3976 Tu
500 3917 570 3976 vals
590 3937 624 3977 ac
644 3918 817 3980 rectissime
837 3916 906 3979 vale
924 3921 956 3977 et
977 3920 1069 3977 tuum
1089 3915 1270 3976 Huttenum
1288 3933 1393 3975 amare
1410 3932 1451 3974 ne
1469 3913 1585 3987 desine,

391 4015 580 4088 rumpantur
589 4016 625 4072 vt
638 4014 691 4074 ilia
704 4015 853 4076 Obscuris
864 4015 961 4089 viris,
981 4013 1037 4092 qui
1049 4014 1114 4073 iam
1127 4033 1188 4091 qua
1201 4032 1259 4074 nos
1272 4012 1587 4087 excommunicamur,

348 4129 378 4181 7⁵
392 4110 553 4187 ingentem
567 4110 793 4173 circumferunt
805 4112 933 4173 bullam.
972 4113 1058 4173 Bene
1071 4111 1213 4187 bullsm;
1233 4110 1308 4191 quid
1322 4111 1408 4171 enim
1422 4110 1587 4186 tumidius,

424 4250 464 4312 46
483 4247 609 4299 Oacssros
619 4251 677 4298 add.
688 4246 722 4298 c¹.
804 4266 843 4312 ⁴9
864 4250 1058 4314 Pontingernm
1068 4267 1093 4301 α.
1168 4252 1211 4302 61.
1227 4266 1284 4301 esse
1295 4250 1377 4301 malis
1386 4265 1468 4314 quam
1479 4252 1537 4301 aaa
1551 4248 1588 4303 α’.

390 4318 431 4379 ⁶9
448 4315 601 4378 Angustam
611 4332 635 4365 α.
736 4330 774 4376 55
791 4316 864 4365 Bene
875 4316 978 4367 bullam
989 4322 1046 4367 add.
1060 4314 1094 4368 α’.

425 4482 466 4528 ⁴3·
483 4466 575 4515 infans
586 4462 718 4529 Aldinae]
729 4464 798 4515 Paul
813 4464 972 4529 llsnutius5
1047 4481 1088 4529 55.
1107 4465 1289 4531 mentionem]
1301 4466 1398 4530 cnsp.
1415 4468 1465 4529 ³⁶5
1481 4464 1585 4516 introd.

393 4546 436 4581 see
448 4532 496 4594 Ep.
508 4532 563 4593 589
576 4545 609 4593 55
625 4547 653 4581 n.
1046 4536 1087 4593 63,
1106 4533 1171 4581 'l'rss
1182 4532 1246 4596 viri]
1259 4532 1300 4584 Oi.
1312 4534 1341 4582 ll.
1354 4548 1393 4596 ⁴9·
1404 4546 1447 4593 5ο.

391 4613 466 4712 A44.
484 4596 641 4709 Sugtonius]
654 4597 767 4661 printed
779 4597 874 4660 bytho
892 4596 963 4660 firm,
1046 4601 1089 4659 ⁶4·
1104 4598 1311 4711 glaguntlnum]
1351 4599 1421 4661 Abp.
1465 4596 1589 4660 Albertp

419 4676 546 4712 u.1r.
1015 4678 1059 4712 soe
1089 4700 1096 4712 .
1139 4700 1145 4713 .

425 4677 464 4787 ἑ.
481 4675 713 4792 diceronisTJune
727 4743 796 4789 ¹517·
1049 4677 1088 4789 qi
1106 4679 1223 4790 litteras]
1235 4729 1284 4792 llp.
1293 4729 1352 4790 588.

425 4794 465 4852 ⁴⁶·
483 4791 619 4857 caeam]
630 4792 670 4844 Ol.
682 4794 730 4857 Ep.
744 4795 802 4853 588.
813 4807 845 4855 55
853 4808 880 4843 n.
1049 4807 1088 4855 7⁰·
1108 4795 1251 4855 magnilica
1261 4795 1358 4859 magis]
1370 4794 1418 4858 Ep.
1430 4794 1490 4856 588.
1504 4794 1559 4843 1-6.

426 4872 465 4918 51.
484 4872 582 4906 corona
614 4860 718 4920 poetica
772 4859 966 4908 Maximilian's
1048 4873 1088 4921 75.
1108 4858 1225 4924 bullam]
1254 4861 1284 4909 oi
1319 4873 1349 4923 15
1377 4860 1472 4910 neren
1502 4873 1589 4922 ¹5¹i²

392 4923 521 4986 diploma,
538 4922 596 4971 nu
613 4937 654 4985 57,
671 4926 696 4973 is
750 4924 797 4973 ted
813 4926 963 4989 Augeturg,
1014 4924 1126 4987 printed
1138 4924 1589 4977 wicnrlo.⁶orehetcmocoe.

393 5004 424 5039 rs
434 4988 501 5052 tuly
514 5002 584 5051 1⁵17·
1018 4991 1137 5056 rupee
1148 4990 1279 5057 spons).
1312 4991 1484 5055 canpto&
