3867 6034
457 717 515 777 158
803 713 994 777 LETTERS
1021 714 1076 775 OF
1102 713 1303 775 ERASMUS
1561 711 1654 797 [1517

455 891 567 949 nempe
587 874 737 946 humana,
757 870 857 931 immo
874 870 980 948 potius
1000 870 1098 949 accipi
1115 891 1172 949 pro
1190 870 1289 932 altera
1305 890 1399 948 quam
1417 874 1556 948 atraque,
1571 873 1654 949 quod

454 970 525 1031 vult
534 969 641 1045 Faber,
654 989 766 1047 nempe
779 989 836 1046 pro
847 968 963 1043 diuina,
976 968 1030 1029 sed
1041 988 1120 1046 quae
1130 968 1246 1029 vnierit
1258 968 1319 1029 eibi
1332 970 1513 1029 humanam.
1549 968 1655 1030 Caete-

412 1087 443 1122 10
454 1077 528 1128 rum
547 1068 595 1129 ais
613 1067 731 1129 Christi
750 1066 910 1141 vocabula,
929 1065 989 1127 hoc
1009 1069 1058 1127 est
1074 1066 1224 1128 vocabula
1243 1067 1455 1145 hypostaseos,
1473 1068 1655 1144 frequenter

454 1166 553 1243 accipi
569 1186 626 1244 pro
640 1165 801 1226 vocabulis
818 1167 1011 1225 naturarum.
1057 1165 1147 1239 Quod
1164 1165 1194 1225 si
1211 1165 1360 1239 fecissem,
1377 1184 1442 1225 non
1462 1185 1548 1225 eram
1562 1165 1653 1226 valde

455 1264 685 1340 obiurgandus:
707 1267 738 1324 et
755 1266 862 1323 tamen
881 1262 1004 1323 declaro
1024 1283 1063 1323 ne
1082 1263 1115 1323 id
1129 1263 1255 1340 quidem
1270 1282 1288 1323 a
1302 1283 1353 1323 me
1369 1263 1488 1324 factum
1505 1263 1540 1323 in
1558 1283 1652 1325 anno

454 1362 633 1423 tationibus
675 1360 781 1421 Velim
795 1361 893 1437 igitur
905 1364 943 1422 vt
957 1360 1100 1421 libellum
1115 1361 1234 1439 relegas
1248 1381 1304 1439 per
1318 1361 1430 1435 ocium,
1446 1360 1557 1422 deinde
1572 1380 1652 1421 com·

453 1460 614 1520 municato
627 1459 758 1521 consilio
771 1479 843 1519 cum
858 1458 1064 1537 Guolphango
1078 1462 1182 1519 mutes
1200 1479 1256 1536 pro
1269 1462 1325 1519 tuo
1339 1459 1374 1517 in
1388 1478 1440 1518 me
1455 1459 1560 1521 madio
1574 1478 1652 1536 quae

411 1579 421 1614 ι
425 1580 440 1629 5
452 1557 653 1618 videbuntur.

494 1655 541 1715 De
557 1654 744 1734 prodigiosis
759 1654 987 1715 Parisiensium
1001 1654 1161 1715 vocabulis
1180 1674 1245 1714 non
1265 1674 1337 1715 sum
1357 1655 1477 1715 anxius.
1521 1654 1652 1718 Videbis

452 1772 505 1814 eas
524 1753 659 1831 ineptias
685 1772 798 1830 magna
823 1773 861 1812 ex
884 1757 971 1830 parte
993 1752 1127 1829 explodi.
1170 1752 1368 1830 Cantabrigia
1392 1754 1521 1813 mutata
1565 1751 1651 1815 Haec

451 1852 558 1914 schola
571 1852 746 1912 detestatur
758 1850 889 1929 frigidas
902 1850 975 1910 illas
988 1852 1134 1928 argutias,
1150 1870 1229 1929 quae
1248 1852 1348 1929 magis
1361 1852 1400 1912 ad
1414 1851 1517 1910 rixam
1529 1850 1650 1912 faciunt

451 1970 546 2027 quam
559 1951 599 2010 ad
613 1949 768 2027 pietatem.
810 1949 853 2008 Et
867 1951 974 2008 tamen
993 1968 1058 2025 ego,
1074 1948 1157 2026 quod
1174 1948 1208 2007 in
1228 1951 1349 2024 maest,
1366 1948 1489 2026 cupiam
1503 1948 1650 2009 omnibus

408 2070 439 2106 ιο
451 2048 669 2121 obsecundare,
686 2045 827 2107 siliceat.
1388 2066 1393 2076 ·

492 2145 641 2205 Studium
661 2144 696 2204 in
719 2163 769 2203 me
791 2147 883 2204 tuum
903 2143 1077 2220 amplector
1094 2145 1125 2202 et
1141 2162 1274 2219 agnosco
1290 2144 1354 2203 iam
1373 2143 1450 2203 olim
1469 2143 1649 2221 cognitum:

450 2263 562 2304 verum
575 2262 615 2303 ex
628 2242 692 2303 tuis
704 2241 820 2302 litteris
832 2241 923 2301 video
937 2260 1032 2318 quam
1046 2240 1127 2301 nihil
1144 2241 1225 2301 mihi
1239 2241 1357 2302 tribuas
1371 2241 1404 2300 in
1419 2262 1453 2301 re
1466 2242 1648 2320 theologica,

450 2341 505 2419 qui
524 2360 561 2402 ea
581 2343 628 2401 tot
645 2339 750 2401 verbis
770 2340 904 2400 disseras
923 2338 958 2398 in
978 2339 1093 2399 litteris
1112 2339 1177 2400 tuis
1194 2360 1271 2417 quae
1291 2360 1309 2399 a
1330 2360 1381 2399 me
1402 2342 1477 2400 sunt
1498 2339 1650 2417 explicata

450 2439 485 2500 in
504 2458 575 2499 meo
593 2438 709 2499 libello.
753 2437 899 2498 Miseram
918 2437 1085 2498 Schurerio
1103 2438 1262 2516 exemplar
1275 2437 1444 2516 Apologiae
1463 2438 1649 2515 castigatum

407 2561 437 2613 ²5
450 2540 617 2614 antequam
634 2540 706 2597 tuae
719 2536 843 2597 litterae
861 2535 941 2595 mihi
960 2535 1171 2596 redderentur.
1214 2536 1261 2596 De
1274 2535 1427 2612 Epistolis
1445 2534 1539 2595 editis
1557 2536 1647 2613 nihil,

450 2633 569 2712 opinor,
592 2636 675 2712 quod
697 2637 769 2694 tuae
789 2633 902 2694 officiat
921 2633 1040 2708 famae3
1069 2634 1193 2695 etiamsi
1215 2634 1246 2693 id
1268 2634 1383 2694 Petms
1403 2633 1555 2711 Aegidius
1574 2635 1649 2695 fecit

449 2732 569 2792 interea
582 2732 659 2792 dum
673 2752 731 2809 ego
742 2731 824 2809 apud
835 2728 958 2807 Anglos
971 2730 1141 2791 salutarem
1154 2729 1350 2792 Moecenstes
1363 2750 1458 2791 meos.
1494 2731 1648 2810 Equidem

450 2828 549 2889 nolim
563 2828 672 2904 editas,
688 2829 744 2889 sed
758 2829 923 2889 ferendum
937 2829 1019 2907 quod
1033 2828 1150 2889 mutari
1163 2848 1227 2889 non
1241 2831 1352 2906 potest.

490 2927 590 2987 Video
604 2928 636 2987 te
651 2926 752 2987 Fabro
765 2926 970 2987 vehementer
989 2945 1124 3003 aequum
1143 2945 1217 3001 esse,
1234 2926 1288 3004 qui
1309 2946 1360 2987 me
1379 2926 1463 2987 dicas
1480 2926 1647 2989 indulsisse

405 3025 514 3098 3obili.
559 3024 707 3085 Primum
727 3024 835 3085 fateris
855 3022 904 3082 illi
925 3022 1045 3083 nullam
1066 3022 1162 3083 fuisse
1182 3042 1308 3084 causam
1327 3024 1503 3085 incessendi
1523 3027 1594 3099 mei,
1615 3029 1648 3086 et

449 3128 555 3184 tamen
576 3123 656 3195 vide,
678 3124 710 3182 te
730 3142 816 3199 rogo,
839 3140 934 3199 quam
955 3120 1060 3181 odiosa
1082 3119 1117 3180 in
1139 3140 1191 3180 me
1211 3120 1306 3181 toties
1327 3122 1491 3199 impingat.
1535 3123 1648 3185 Confer

449 3241 533 3283 nunc
552 3223 669 3299 quanto
690 3220 864 3281 modestius
885 3237 941 3295 ego
958 3216 1044 3279 lesus
1063 3218 1279 3296 responderim
1293 3239 1387 3296 quam
1403 3220 1458 3279 ille
1479 3241 1543 3281 non
1563 3221 1648 3283 lesus

448 3318 639 3397 impetierit:
660 3317 829 3378 nisibilem
837 3336 929 3378 vocas
938 3316 1069 3377 omnino
1077 3316 1271 3394 respondere.
1308 3318 1393 3378 Amo
1403 3318 1542 3379 Fabnrm
1552 3320 1647 3381 etodi

448 3436 553 3478 meam
566 3416 764 3494 Apologiam,
785 3416 849 3476 imo
869 3414 1088 3476 necessitatem
1106 3434 1184 3492 quse
1205 3414 1265 3475 huc
1286 3415 1397 3492 adegit.
1439 3415 1559 3477 Verum
1579 3418 1646 3496 ipse

403 3534 434 3585 55
447 3535 559 3593 parum
573 3512 733 3576 consuluit
747 3513 887 3592 opinioni
905 3512 1056 3589 candoris,
1072 3532 1134 3590 quo
1147 3512 1296 3573 hactenus
1314 3512 1477 3591 praecipue
1492 3515 1551 3576 fuit
1565 3535 1645 3576 com·

448 3614 621 3674 mendatua
665 3611 804 3673 Proinde
821 3630 887 3672 non
899 3610 1006 3673 visum
1024 3612 1072 3670 est
1085 3609 1121 3670 in
1139 3630 1175 3671 es
1192 3630 1227 3670 re
1244 3610 1384 3670 multum
1398 3631 1506 3689 operae
1519 3633 1644 3690 ponere.

447 3710 520 3771 Non
540 3711 627 3770 enim
648 3710 770 3787 suscepi
790 3709 1016 3787 disputandum
1029 3711 1100 3769 vtra
1119 3707 1211 3769 lectio
1231 3708 1274 3768 sit
1294 3708 1413 3784 melior,
1430 3711 1484 3770 aut
1497 3710 1644 3789 quicquid

447 3807 487 3867 ad
507 3808 625 3870 christi
646 3806 830 3886 hypostasin
854 3806 977 3867 attinet.
1020 3806 1156 3867 Tantum
1177 3804 1298 3884 depello
1319 3806 1437 3867 crimen
1461 3807 1643 3886 impietatis,

446 3904 594 3980 insaniae,
617 3906 781 3979 stulticiae,
803 3905 1006 3979 delirationis,
1031 3924 1109 3982 quas
1127 3904 1182 3966 ille
1202 3907 1270 3965 tota
1288 3904 1499 3982 disputatione
1520 3906 1645 3968 odiosis·

402 4020 436 4072 4ο
446 4001 526 4062 sime
545 4002 703 4081 impingit,
717 4005 794 4064 adeo
807 4007 843 4064 vt
858 4004 1012 4063 mirentur
1029 4004 1124 4064 etism
1144 4003 1169 4063 ii
1181 4003 1236 4081 qui
1250 4002 1351 4063 Fabro
1369 4003 1506 4064 maxime
1523 4004 1639 4065 fauent

447 4100 533 4160 Bene
546 4100 625 4175 vale,
642 4101 822 4162 doctissime
836 4101 924 4176 Bere,
941 4120 1060 4179 nosque
1073 4100 1165 4161 solito
1178 4100 1284 4162 studio
1297 4101 1441 4180 prosequi
1453 4121 1552 4180 perge.

486 4197 620 4259 Louanii
633 4197 739 4259 Natali
754 4199 887 4260 Nicolai.
928 4202 991 4261 An
1007 4218 1076 4259 ran.
1093 4214 1140 4273 17.

481 4352 519 4387 ιο.
537 4338 578 4385 ais
588 4340 680 4399 scripsi,
693 4339 722 4395 cf.
735 4340 781 4395 Ep.
794 4352 849 4399 '13¹-
862 4339 892 4392 6;
909 4338 952 4386 aio
963 4340 1018 4386 sss.
1158 4340 1196 4387 16.
1213 4338 1410 4388 Parisiensium
1421 4342 1469 4400 ΕΒ,
1483 4341 1511 4397 es.
1524 4342 1569 4397 Ep.
1584 4352 1640 4400 731·

446 4418 496 4465 23:
513 4403 686 4452 Parisnsium
698 4406 750 4452 Hs.
855 4417 893 4463 19.
911 4418 959 4466 ego
970 4407 1071 4462 scripsi:
1088 4416 1137 4465 ago
1147 4407 1200 4452 MS.

480 4552 518 4587 ro.
536 4534 723 4600 hypostaseos]
737 4534 779 4586 (ti.
792 4536 841 4597 Ep.
854 4549 909 4595 731·
923 4549 961 4595 ra
1101 4548 1142 4596 25.
1161 4533 1303 4598 Epistolis]
1321 4534 1360 4587 0¹.
1405 4536 1492 4586 There
1516 4552 1572 4587 was
1595 4554 1641 4587 no-

480 4618 518 4663 14·
536 4602 726 4666 Guolphsngo]
740 4602 844 4664 Capito.
1068 4599 1149 4660 thing
1159 4601 1189 4648 in
1200 4600 1268 4663 Epp.
1277 4602 1326 4661 488
1336 4601 1389 4650 and
1401 4617 1449 4665 507
1459 4604 1487 4652 to
1497 4604 1566 4653 need
1578 4605 1640 4652 sub·

480 4683 518 4728 17.
537 4667 713 4730 Cantabrigls
729 4664 849 4729 mutam]
867 4666 948 4715 From
970 4666 1018 4716 the
1068 4667 1184 4727 sequent
1200 4668 1367 4716 correction:
1388 4667 1437 4717 but
1454 4683 1498 4718 see
1515 4670 1564 4733 Ep.
1583 4672 1639 4731 4⁶3·

444 4736 550 4795 temper
559 4732 656 4782 shown
667 4733 907 4795 inEp456.8seq.
940 4731 1018 4782 Eras-
1067 4731 1135 4790 61,a.

445 4812 506 4846 mus
516 4798 655 4847 douhtless
662 4798 811 4848 attributed
820 4798 868 4847 the
877 4798 979 4860 change
990 4800 1019 4847 to
1102 4800 1143 4846 26.
1161 4796 1305 4863 Aegidlus]
1324 4799 1380 4847 But
1396 4797 1429 4847 cl.
1448 4800 1498 4864 Ep.
1517 4802 1566 4862 546
1585 4800 1639 4849 and

444 4864 491 4912 the
502 4863 577 4926 lady
591 4862 748 4925 ilsrgarst's
763 4878 822 4911 new
839 4862 1000 4913 foundation
1011 4880 1019 4925 ;
1069 4862 1121 4912 vol.
1134 4864 1154 4925 i,
1166 4876 1193 4925 p.
1205 4877 1261 4926 594

444 4929 477 4979 cl.
492 4929 560 4992 Epp.
572 4943 629 4989 432.
641 4944 656 4976 a
667 4944 694 4977 n.
707 4928 761 4978 and
771 4942 828 4989 457.
840 4942 872 4989 55
884 4941 939 4989 seq.
1101 4928 1142 4978 28.
1160 4927 1317 4992 ferendum]
1334 4928 1374 4979 Cf.
1390 4929 1455 4980 Hor.
1475 4934 1497 4980 0.
1511 4945 1533 4980 1.
1545 4946 1585 4992 ²⁴·
1600 4946 1637 4993 ις,

476 5009 515 5054 24.
533 4994 688 5060 Schurerio]
701 4995 742 5044 (tf.
753 4993 803 5056 Ep.
814 4996 870 5057 ⁶9³
1069 5007 1109 5044 ao.
