3867 6034
388 730 451 789 554
738 726 929 789 Lamnus
956 726 1011 788 or
1037 725 1239 788 nonanus
1521 724 1621 811 [1519

387 885 493 947 studia
501 903 685 964 propensus,
697 888 804 947 tamen
815 904 854 945 ex
864 883 1117 962 Magnmtinensis
1128 881 1262 961 epistola
1270 882 1354 944 lecta
1367 903 1441 945 non
1455 884 1624 947 mediocre

387 982 486 1044 calcar
499 982 645 1044 additum
658 982 792 1043 ridetur.

345 1100 376 1136 20
428 1080 546 1142 Aulam
556 1084 654 1153 tuam,
666 1099 740 1141 cum
753 1081 877 1158 saepius
889 1082 972 1140 esset
984 1080 1020 1139 in
1033 1079 1189 1152 manibus,
1202 1081 1310 1140 tamen
1324 1096 1466 1157 semper
1478 1082 1625 1143 excnmit

388 1178 539 1241 hactenns
557 1177 676 1257 aliquid
695 1177 825 1256 negocii,
840 1178 1060 1238 lecturientem
1082 1176 1297 1255 interpellans.
1343 1176 1445 1253 Quod
1468 1178 1541 1257 legi
1561 1200 1627 1259 per·

388 1276 523 1356 placuit:
544 1276 620 1356 quid
633 1275 720 1337 enim
735 1275 873 1337 Hutteni
893 1294 957 1336 non
976 1275 1121 1353 placeat?
1161 1274 1291 1336 Febrim
1310 1293 1347 1335 ac
1363 1275 1625 1340 Phalarismum

389 1376 493 1436 nascio
514 1376 569 1453 qui
591 1379 740 1436 curarunt
762 1394 870 1435 rursus
889 1372 1111 1435 excudendam.
1150 1375 1195 1434 At
1215 1392 1252 1433 ea
1272 1373 1418 1435 Louanii
1440 1376 1557 1438 vetita
1577 1381 1627 1438 cst

388 1472 530 1546 distrahi,
543 1473 626 1551 quod
640 1472 791 1551 quosdam
806 1472 937 1549 ἡμιθέους
950 1472 1140 1534 nominatim
1153 1471 1308 1549 attingere
1322 1471 1530 1535 videretur:
1553 1475 1627 1536 alie

346 1590 375 1643 ²5
389 1569 445 1650 qui
458 1570 616 1650 perplacet
626 1570 781 1631 omnibus
817 1569 1043 1643 Phalarismus,
1055 1570 1204 1648 quoniam
1219 1568 1419 1631 adhaerebat
1430 1571 1551 1647 Febri‚
1564 1593 1627 1633 vna

388 1687 462 1730 cum
482 1668 580 1730 Febrs
605 1669 719 1742 exulat,
742 1668 796 1729 sed
817 1668 958 1730 Louanio
979 1669 1149 1729 duntaxat:
1177 1687 1278 1747 neque
1301 1667 1397 1729 enim
1424 1668 1571 1749 longine
1593 1691 1627 1731 se

388 1767 506 1846 profert
531 1767 628 1829 huius
655 1766 780 1829 scholae
808 1767 963 1845 tyrannis.
1010 1767 1219 1844 Susceperant
1245 1769 1279 1826 et
1306 1765 1504 1829 orationem
1535 1789 1625 1831 excu·

389 1866 533 1939 dandam,
555 1885 613 1926 nec
633 1866 711 1926 satis
732 1865 795 1926 scio
816 1884 878 1943 quo
899 1865 1032 1926 consilio
1052 1867 1229 1943 prorogent.

430 1963 492 2025 Sed
511 1962 586 2041 quid
608 1982 665 2041 ego
685 1962 805 2025 audio?
837 1962 1003 2025 Huttenus
1021 1966 1109 2023 totus
1128 1963 1248 2023 ferreus
1267 1961 1303 2021 in
1324 1961 1394 2022 acie
1418 1963 1624 2027 dimicabit?

346 2079 379 2128 30
391 2060 490 2122 Plane
504 2060 595 2122 rideo
610 2064 641 2122 te
655 2061 740 2122 bollo
754 2064 876 2135 natum,
891 2061 946 2140 qui
965 2082 1031 2122 non
1049 2061 1166 2122 calamo
1180 2063 1306 2122 tantum
1326 2063 1361 2120 et
1375 2060 1502 2139 lingua
1516 2063 1577 2124 sed
1590 2067 1622 2122 et

391 2157 554 2219 Mauortiis
570 2158 667 2220 armis
684 2178 815 2238 pugnes.
860 2158 1048 2237 Quanquam
1062 2158 1138 2237 quid
1152 2158 1260 2235 magni
1272 2157 1301 2218 si
1315 2177 1408 2219 nunc
1421 2160 1622 2221 ausisinter

389 2260 458 2318 tam
479 2255 597 2317 multos
617 2256 767 2318 aduersus
780 2278 880 2319 vnum
899 2277 1046 2336 pugnare,
1066 2277 1137 2320 cum
1156 2256 1234 2317 olim
1251 2256 1418 2317 Bononiae
1433 2277 1531 2319 vnus
1552 2262 1618 2319 tam

390 2356 511 2416 multos
523 2355 724 2433 profligaris?
764 2355 872 2417 Laudo
885 2357 999 2417 fortem
1014 2358 1167 2430 animum,
1181 2355 1236 2416 sed
1250 2358 1356 2416 tamen
1372 2356 1404 2415 si
1418 2375 1478 2416 me
1495 2357 1616 2426 audies,

389 2453 532 2515 seruabis
545 2453 726 2514 Huttenum
741 2454 850 2516 Musis.
893 2454 975 2516 Nam
992 2454 1075 2515 vnde
1096 2454 1186 2515 nobis
1206 2452 1269 2514 tale
1289 2452 1475 2530 ingenium,
1493 2454 1616 2534 siquid

346 2568 378 2620 35
391 2551 534 2613 accidat?
564 2552 648 2628 quod
672 2555 817 2613 auertant
841 2551 964 2629 superi!
996 2551 1087 2612 Nosti
1108 2552 1240 2612 Martem
1263 2551 1532 2629 ὀλλοπρόσαλλον,
1556 2572 1614 2613 nec

391 2648 469 2711 satis
481 2647 655 2725 propitium
666 2649 759 2711 bonis
772 2650 917 2728 ingeniis,
929 2653 1039 2728 vtpots
1049 2651 1178 2711 deorum
1189 2650 1333 2709 omnium
1343 2647 1613 2712 stolidissimum.

391 2747 478 2807 Bene
491 2747 553 2816 sit;
573 2746 628 2806 sed
644 2750 749 2808 tamen
763 2747 876 2826 siquid
890 2747 1043 2823 acciderit,
1055 2747 1124 2825 ipse
1137 2747 1197 2809 tibi
1210 2747 1275 2807 tuis
1288 2746 1418 2824 scriptis
1432 2749 1612 2810 extruxisti

391 2845 635 2904 monumentum
656 2863 726 2905 aere
745 2845 947 2923 perhennius.
991 2845 1100 2924 Neque
1121 2865 1178 2907 nos
1198 2848 1304 2906 tamen
1326 2844 1473 2906 defuturi
1495 2866 1612 2908 sumus

392 2942 492 3004 officio
506 2944 623 3003 nostro.
667 2942 748 3005 Nam
763 2942 791 3004 si
805 2943 880 3022 quid
895 2943 1020 3005 Erasmi
1032 2943 1148 3024 scripta
1161 2943 1320 3018 valebunt,

347 3082 379 3133 40
581 3057 680 3119 Nulla
700 3059 767 3120 dies
786 3079 927 3138 unquam
948 3060 1080 3120 memori
1101 3079 1159 3121 nos
1180 3059 1297 3119 eximet
1316 3076 1404 3118 aeuo.

433 3176 648 3253 Triumphum
667 3173 809 3235 nondum
822 3175 971 3236 vidimus.
1015 3175 1149 3235 Gratum
1167 3177 1234 3235 erat
1248 3172 1331 3251 quod
1346 3174 1458 3232 nostro
1472 3175 1609 3237 consitio

392 3276 459 3334 tam
475 3274 530 3334 diu
548 3273 735 3352 presserint;
760 3292 817 3333 nec
830 3272 940 3333 dubito
954 3272 1032 3350 quin
1045 3276 1149 3333 totum
1166 3273 1389 3350 argumentum
1408 3271 1479 3332 sint
1497 3275 1606 3334 mode·

393 3373 466 3434 rati.
497 3372 650 3432 Rixarum
660 3371 917 3432 nullusestfinia
950 3371 995 3431 Vt
1003 3370 1133 3431 caeteris
1141 3371 1289 3432 omnibus
1299 3372 1402 3432 simus
1411 3373 1603 3449 superiores,

391 3470 615 3549 sycophantiis,
633 3469 813 3544 mendaciis,
829 3468 978 3530 conuiciis
991 3469 1084 3547 longe
1098 3469 1262 3530 vincimur.
1303 3469 1374 3531 Non
1388 3464 1524 3548 possum
1538 3490 1604 3531 non

346 3590 378 3641 4⁵
392 3569 528 3647 ingenue
549 3568 641 3629 fateri
662 3568 745 3646 quod
767 3587 840 3628 vero
859 3569 965 3628 verius
984 3571 1042 3629 est.
1085 3569 1147 3630 Sed
1168 3570 1305 3646 praestat
1324 3568 1383 3629 hac
1403 3572 1497 3646 parte
1517 3568 1604 3629 vltro

391 3667 522 3729 herbam
537 3667 611 3728 dare
625 3686 721 3745 quam
734 3666 867 3744 turpiter
881 3666 1066 3745 depugnare.
1110 3665 1217 3745 Neque
1235 3665 1323 3727 enim
1342 3665 1446 3727 solum
1468 3687 1602 3744 perpen-

393 3766 532 3826 dendum
554 3766 646 3827 nobis
668 3774 716 3826 eet
738 3765 814 3843 quid
839 3765 972 3843 dignum
995 3764 1037 3826 sit
1059 3765 1099 3824 iis
1121 3765 1154 3825 in
1180 3784 1258 3841 quos
1285 3764 1461 3838 scribimus,
1486 3785 1601 3826 verum

392 3863 487 3923 etiam
503 3864 579 3941 quid
593 3863 685 3925 nobis
698 3863 831 3941 dignum
845 3862 889 3923 sit
902 3864 957 3942 qui
971 3862 1145 3924 scribimus.
1184 3863 1353 3925 Pulchriun
1365 3865 1414 3923 est
1426 3862 1602 3941 aliquando

393 3961 546 4021 modestia
567 3981 662 4040 quam
682 3981 775 4023 causa
798 3961 990 4040 superiorem
1015 3981 1102 4036 esse;
1132 3965 1163 4021 et
1183 3965 1258 4023 sunt
1279 3981 1357 4038 quae
1378 3961 1472 4021 nobis
1493 3962 1602 4040 potius

347 4081 380 4129 50
391 4059 513 4137 agenda
531 4059 606 4120 sint.
643 4060 753 4121 Malim
771 4079 829 4137 ego
843 4061 947 4120 totum
966 4080 1109 4120 mensem
1128 4060 1163 4119 in
1178 4058 1314 4120 Paulum
1332 4061 1387 4119 aut
1404 4059 1439 4118 in
1454 4059 1602 4138 Emnge-

391 4158 474 4218 lium
492 4158 725 4237 explanandum
743 4158 899 4218 innumere
914 4178 1010 4236 quam
1029 4158 1113 4218 diem
1132 4156 1314 4218 huiusmodi
1332 4156 1410 4217 rixis
1427 4162 1599 4219 conterere.

391 4257 479 4318 Bene
491 4256 571 4328 vale,
588 4255 769 4317 mortalium
784 4256 974 4317 charissime.

433 4354 579 4416 Louanii.
614 4374 658 4415 1x.
675 4355 827 4416 calendas
841 4354 947 4417 Maias
963 4359 1060 4416 Anno
1075 4374 1208 4415 anxur

491 4490 531 4538 ²3·
549 4479 741 4527 excudendum
752 4482 776 4527 F
786 4481 871 4538 dorric.
939 4490 971 4525 ea
982 4480 1021 4525 E:
1039 4475 1131 4526 Febris
1142 4481 1174 4526 Η.
1271 4492 1310 4539 ²9·
1326 4480 1365 4527 F:
1382 4476 1456 4525 aciae
1467 4481 1498 4526 Ε.

425 4627 648 4691 operationem]
681 4630 725 4676 Ad
754 4631 876 4686 principes
914 4631 969 4675 Gor·
1019 4641 1076 4688 aeq.
1111 4626 1418 4687 Erasmus'memoryia
1443 4625 1599 4677 attaultas

392 4698 498 4755 monice,
511 4699 535 4741 ct
544 4696 627 4742 bellum
640 4697 722 4743 diercis
730 4697 852 4753 inmune,
863 4697 967 4742 morta·
1019 4696 1047 4742 to
1058 4693 1106 4742 the
1118 4692 1201 4755 place.

392 4764 468 4808 torto:
483 4760 634 4821 Augsburg,
644 4760 750 4808 Grimm
757 4758 812 4807 and
820 4758 966 4822 Wyraung,
1052 4772 1093 4820 35.
1111 4757 1238 4822 Martem]
1252 4756 1292 4806 cf.
1305 4757 1355 4819 Ep.
1366 4770 1423 4819 911.
1439 4771 1478 4806 ra.

394 4825 466 4885 1518.
499 4823 620 4873 SeeHE.
632 4825 673 4883 81,
686 4825 728 4885 88,
744 4824 798 4873 118.
925 4828 927 4831 ⁴
1052 4825 1093 4885 38.
1111 4822 1328 4887 monumentum]
1342 4821 1408 4871 Hor.
1421 4826 1479 4883 G,3.
1491 4839 1532 4886 30·
1550 4838 1570 4871 r.

425 4903 465 4949 32.
482 4889 549 4939 olim
564 4890 717 4954 Bononiae]
738 4890 776 4939 Οἱ.
798 4890 847 4953 Ep.
864 4892 923 4940 611.
938 4904 970 4938 ro
1053 4904 1094 4952 39.
1112 4890 1135 4938 si
1147 4890 1225 4954 quid]
1239 4889 1279 4939 Gt.
1292 4890 1372 4951 Verg.
1383 4890 1444 4939 Aeo.
1456 4904 1482 4950 9.
1497 4892 1584 4951 446,4.
