3867 6034
448 705 511 764 aer
797 698 988 767 carruae
1016 696 1300 762 cassianus
1553 694 1653 776 [ψει

450 881 514 922 non
528 859 622 938 paulo
637 859 709 937 plus
726 878 838 936 operae
855 857 955 918 sumit
967 856 1002 915 in
1015 854 1211 915 adhortando
1225 873 1320 931 quam
1333 854 1368 912 iu
1384 853 1541 927 docendo;
1562 857 1651 932 quasi

405 977 436 1030 70
449 958 637 1035 sapientiam
656 976 779 1017 amasse
798 954 1022 1033 propemodum
1038 969 1164 1031 parasse
1184 952 1235 1011 sit
1279 953 1369 1027 Quod
1388 957 1479 1029 turpe
1495 957 1544 1012 eat
1562 954 1654 1013 iuris·

449 1056 559 1134 peritis
572 1075 608 1115 ac
618 1054 759 1129 medicis,
769 1072 902 1130 quorum
915 1052 1042 1128 utrique
1056 1050 1095 1109 de
1108 1050 1264 1110 industria
1277 1069 1368 1110 ecam
1378 1055 1480 1111 artem
1491 1052 1653 1112 reddidere

407 1189 409 1191 v
450 1153 676 1228 difficillimam,
692 1172 753 1230 quo
767 1151 864 1211 simul
880 1152 913 1222 et
926 1153 1076 1226 quaestus
1089 1148 1132 1208 sit
1146 1147 1270 1209 vberior
1286 1151 1319 1207 et
1335 1148 1435 1225 gloria
1450 1150 1551 1209 maior
1569 1152 1651 1227 apud

450 1251 637 1328 imperitos;
661 1251 694 1310 id
716 1247 809 1326 longe
834 1247 957 1325 turpius
978 1246 1073 1307 fuerit
1096 1245 1208 1305 fecisse
1234 1246 1270 1306 in
1298 1245 1495 1323 philosophia
1521 1249 1651 1309 Christi.

450 1348 522 1410 Imo
546 1352 656 1409 contra
677 1348 798 1408 conniti
822 1367 878 1423 par
899 1348 955 1420 est,
980 1349 1016 1405 vt
1038 1363 1109 1405 eam
1135 1364 1230 1421 quam
1257 1343 1325 1404 fieri
1353 1348 1455 1422 potest
1483 1348 1653 1407 reddamus

405 1469 435 1522 75
449 1446 633 1509 facillimam
660 1448 693 1505 et
716 1444 865 1505 omnibus
890 1443 1084 1521 expositam:
1116 1462 1218 1520 neque
1245 1441 1324 1501 illud
1353 1443 1395 1503 sit
1420 1444 1512 1504 nobis
1534 1445 1652 1520 studio,

449 1548 485 1606 vt
497 1544 560 1622 ipsi
574 1543 690 1605 literati
703 1544 875 1617 videamur,
888 1543 944 1602 sed
957 1545 994 1601 vt
1008 1541 1257 1619 quamplurimos
1272 1542 1311 1602 ad
1326 1541 1539 1603 Christianam
1552 1544 1652 1604 vitam

405 1688 408 1692 ,
449 1642 655 1720 pelliciamus.

489 1739 673 1801 Adornatur
692 1739 757 1800 iarn
776 1738 895 1799 bellum
916 1739 951 1798 in
968 1738 1094 1812 Turcas,
1110 1738 1193 1814 quod
1210 1758 1394 1815 quoeunque
1413 1738 1545 1798 consilio
1563 1741 1653 1799 insti-

449 1841 564 1912 tutum,
580 1839 771 1915 precandum
785 1842 845 1911 est,
856 1857 922 1897 non
937 1840 971 1897 vt
983 1836 1091 1914 paucis
1105 1836 1304 1914 quibusdam,
1317 1838 1373 1895 aed
1387 1842 1422 1897 vt
1437 1837 1471 1896 in
1485 1857 1654 1898 commune

405 1951 438 1999 80
451 1937 529 1998 bene
543 1939 646 1996 vertat
658 1935 816 1997 omnibus.
860 1935 919 1995 Sed
935 1935 1012 2011 quid
1026 1935 1171 1995 futurum
1180 1934 1379 2009 arbitramur,
1393 1936 1422 1994 si
1436 1936 1528 1995 victis
1540 1936 1652 2013 (neque

449 2034 538 2100 enim
564 2034 737 2108 vniuereos,
763 2033 884 2110 opinor,
913 2034 995 2094 ferro
1020 2032 1258 2107 trucidabimur)
1287 2036 1322 2093 vt
1350 2033 1513 2093 Christum
1536 2032 1652 2110 ample-

448 2134 582 2205 ctantur,
596 2131 748 2194 Oocamos
760 2135 816 2191 aut
830 2131 996 2193 Durandos
1011 2133 1067 2191 aut
1080 2132 1190 2191 Scotos
1202 2134 1257 2190 aut
1271 2131 1432 2191 Gabrieles
1444 2134 1500 2191 aut
1514 2133 1652 2193 Aluaros

450 2230 731 2307 proposuerimus?
772 2230 855 2304 Quid
875 2229 1061 2306 cogitabunt
1079 2230 1135 2288 aut
1156 2229 1232 2306 quid
1252 2229 1388 2289 sentient
1409 2230 1497 2305 (sunt
1515 2230 1602 2289 eninr
1619 2234 1652 2289 et

449 2327 508 2403 illi,
531 2331 567 2387 vt
591 2326 673 2388 nihil
693 2328 788 2402 aliud,
812 2330 895 2388 certe
915 2327 1082 2400 homines),
1105 2327 1159 2387 vbi
1180 2326 1337 2388 audierint
1359 2329 1503 2404 spinosas
1527 2327 1598 2389 illae
1620 2332 1651 2388 et

405 2443 436 2504 8⁵
450 2425 695 2485 inextricabileis
715 2425 854 2503 argutias
876 2426 915 2485 de
936 2424 1137 2498 instantibus,
1154 2426 1191 2483 de
1206 2424 1461 2497 formalitatibus,
1477 2426 1515 2485 de
1529 2426 1649 2502 quiddi·

449 2522 579 2597 tatibus,
603 2524 641 2584 de
663 2523 893 2584 relationibus?
916 2524 1098 2600 praesertim
1121 2523 1174 2583 vbi
1199 2521 1337 2583 viderint
1360 2524 1399 2584 de
1421 2524 1461 2583 iis
1486 2525 1563 2584 adeo
1588 2543 1652 2584 non

450 2621 619 2682 conuenire
643 2622 728 2681 inter
751 2641 884 2699 magnos
908 2621 982 2681 illos
1004 2620 1164 2697 religionis
1187 2621 1386 2698 professores,
1413 2625 1448 2681 vt
1472 2622 1653 2699 frequenter

450 2738 549 2796 reque
564 2720 604 2779 ad
621 2718 781 2796 pallorem,
796 2737 895 2796 reque
912 2718 952 2778 ad
972 2718 1123 2793 conuicia,
1140 2738 1238 2796 reque
1255 2719 1293 2778 ad
1310 2724 1410 2796 sputa,
1425 2739 1652 2798 nonnunquam

449 2819 483 2877 et
496 2836 594 2892 vsque
606 2817 645 2877 ad
663 2836 786 2894 pugnos
806 2817 944 2877 inuicem
961 2815 1191 2893 digladientur3
1211 2817 1265 2877 vbi
1278 2817 1510 2880 Praedicatores
1524 2838 1580 2895 pro
1594 2838 1653 2879 suo

404 2914 572 3006 ⁹0⁴I'homa
597 2915 741 2975 cominus
768 2918 863 2991 atque
885 2914 1011 2974 eminus
1035 2913 1228 2990 dimicantes,
1254 2915 1420 2999 Minoritas
1447 2920 1557 2977 contra
1580 2916 1653 2977 sub·

449 3012 615 3073 tiliseimos
635 3033 670 3074 ac
693 3014 870 3090 seraphicoe
897 3012 1039 3072 doctores
1060 3012 1176 3071 iunctis
1200 3014 1390 3075 vmbonibus
1413 3017 1546 3089 tuenms,
1569 3015 1652 3093 alios

449 3113 485 3171 vt
506 3111 691 3186 nominales,
717 3111 797 3171 alios
821 3116 859 3171 rt
880 3110 979 3170 reales
1002 3109 1108 3187 loqui3
1136 3110 1165 3170 ai
1192 3112 1332 3172 viderint
1356 3133 1422 3173 rem
1450 3133 1546 3192 vsque
1573 3113 1652 3173 adeo

450 3208 609 3270 difficilem
635 3228 702 3271 esse
724 3212 760 3269 vt
781 3227 945 3287 nunquam
968 3208 1046 3267 satis
1073 3208 1253 3269 discussum
1280 3210 1322 3270 sit
1344 3212 1458 3290 quibus
1484 3212 1587 3272 verbis
1611 3211 1651 3271 de

449 3308 577 3371 Christo
599 3309 644 3369 sit
663 3308 877 3386 loquendum:
900 3307 1029 3386 perinde
1050 3308 1139 3385 quasi
1158 3328 1231 3368 cum
1258 3329 1383 3370 moroso
1410 3311 1555 3389 quopiam
1579 3329 1655 3387 agae

404 3442 436 3493 95
449 3406 611 3479 daemone,
627 3426 721 3485 quern
742 3407 777 3466 in
797 3410 885 3467 tuam
905 3406 1007 3484 ipsius
1026 3406 1196 3483 perniciem
1215 3409 1363 3483 euocaris,
1378 3410 1407 3470 si
1426 3410 1501 3486 quid
1520 3413 1551 3469 te
1568 3409 1653 3469 fefel-

448 3505 521 3566 lerit
529 3505 565 3565 in
574 3506 677 3567 verbis
687 3505 897 3582 praescriptis,
909 3524 944 3565 ac
951 3523 1017 3564 non
1027 3504 1132 3581 potius
1140 3524 1212 3566 cum
1221 3505 1464 3567 clementissimo
1476 3509 1650 3585 Seruatore,

449 3604 504 3681 qui
515 3622 535 3663 a
547 3603 639 3664 nobis
655 3607 779 3681 praeter
790 3623 904 3681 puram
913 3603 1152 3680 simplicemque
1162 3605 1262 3665 vitam
1272 3605 1355 3665 nihil
1367 3606 1475 3683 exigit
1519 3606 1653 3667 Obsecro

449 3708 480 3763 te
492 3722 549 3780 per
563 3703 666 3762 Deum
685 3701 906 3775 immortalem,
921 3700 997 3779 quid
1017 3701 1088 3762 istis
1108 3705 1217 3779 agetur
1234 3704 1337 3777 rebus,
1353 3705 1492 3764 maxime
1506 3704 1534 3764 si
1547 3723 1650 3781 super

449 3800 573 3862 cilioeae
593 3801 752 3861 doctrinae
773 3820 877 3861 mores
897 3800 1014 3861 etrite
1032 3799 1148 3861 similis
1163 3803 1373 3879 respondeat?
1414 3804 1447 3863 si
1461 3822 1501 3862 ex
1515 3802 1649 3879 strepitu

393 3941 440 3977 ιω
450 3902 557 3960 nostro
573 3900 742 3977 plusquam
759 3899 923 3975 tyrannico
942 3898 1158 3975 perspexerint
1175 3899 1381 3962 ambitionem
1399 3904 1549 3977 nostram,
1565 3901 1592 3960 si
1611 3920 1650 3960 ex

450 3996 618 4074 rapacitate
641 3997 817 4072 auaritiam,
840 3998 870 4056 si
893 4016 932 4057 ex
952 3997 1072 4073 stupris
1093 3996 1269 4067 libidinem,
1289 4000 1318 4058 si
1338 4018 1376 4060 ex
1397 3998 1651 4077 oppressionibus

450 4096 608 4169 seniciam,
621 4116 685 4174 qua
694 4096 798 4156 fronte
810 4096 990 4171 ingeremus
1003 4094 1068 4154 illie
1082 4095 1202 4157 Christi
1213 4096 1388 4167 doctrinam
1402 4098 1441 4157 ab
1454 4097 1541 4158 hisce
1555 4097 1650 4159 rebus

449 4197 542 4272 longe
562 4194 685 4273 lateque
705 4194 961 4272 discrepantem?
982 4194 1205 4254 Efficacissima
1220 4195 1338 4255 Turcas
1354 4197 1552 4272 expugnandi
1572 4196 1654 4256 ratio

449 4295 547 4356 fuerit
573 4294 603 4355 si
625 4294 844 4372 conspexerint
871 4294 906 4353 in
930 4292 1022 4353 nobis
1049 4292 1169 4352 elucere
1197 4293 1279 4370 quod
1308 4296 1415 4354 docuit
1438 4299 1471 4354 et
1498 4295 1651 4371 expressit

391 4417 437 4468 105
450 4392 594 4455 Christus
607 4414 616 4468 ;
637 4392 667 4453 si
686 4393 842 4453 senserint
861 4410 920 4452 nos
940 4409 1005 4451 non
1024 4390 1165 4468 ipsorum
1180 4391 1303 4453 inhiare
1317 4392 1467 4470 imperiis,
1484 4413 1549 4453 non
1562 4394 1652 4453 sitire

449 4510 571 4565 aurum,
598 4511 663 4552 non
691 4491 812 4552 ambire
839 4490 1060 4568 possessiones,
1090 4491 1145 4551 sed
1172 4494 1294 4567 praeter
1320 4511 1429 4551 eorum
1457 4491 1593 4552 salutem
1620 4496 1652 4550 et

450 4590 568 4650 Christi
594 4592 728 4668 gloriam
755 4589 837 4649 nihil
865 4590 995 4649 omnino
1022 4608 1177 4667 quaerere.
1220 4588 1306 4651 Haec
1333 4595 1383 4649 est
1410 4590 1466 4650 illa
1493 4589 1652 4666 theologia

449 4707 530 4765 vera,
555 4708 711 4766 germana,
736 4689 851 4763 efficax,
878 4707 958 4766 quae
982 4686 1060 4747 olim
1087 4690 1119 4747 et
1146 4688 1407 4767 philosophorum
1432 4688 1600 4765 supercilia
1622 4691 1652 4746 et

482 4865 522 4923 7⁸·
539 4864 570 4912 in
583 4863 694 4927 Turoes]
712 4863 753 4912 Οἱ.
764 4863 814 4925 Ep.
826 4865 883 4924 785.
894 4876 966 4923 37¹1·
1143 4862 1248 4928 Scotos]
1266 4863 1306 4913 Gi.
1321 4863 1369 4924 up.
1381 4877 1440 4924 337.
1451 4866 1502 4924 316
1513 4880 1539 4913 n

482 4931 524 4978 iia.
540 4928 678 5058 Οοοιωοῗ
697 4928 737 4980 Of.
750 4930 800 4991 Ep.
811 4943 869 4989 337.
880 4931 967 4990 316n.
1144 4928 1295 4993 Gabrieles]
1312 4928 1352 4977 Cf.
1365 4928 1414 4991 Ep.
1426 4943 1482 4990 575.
1495 4944 1563 4990 san.

516 4994 660 5044 Durandos
691 4996 732 5045 Of.
746 4995 941 5056 Ep.s9⁶.9on.
1143 4993 1272 5058 Alurros]
1289 4995 1330 5042 Cf.
1344 4994 1541 5058 Ensis-341¹·
