3867 6034
465 728 527 790 402
809 725 1000 788 tutunus
1027 724 1081 786 OF
1107 722 1308 785 BBASMUS
1567 713 1662 798 [1518

811 914 925 979 ⁸⁶⁴868.
970 913 1019 978 To
1041 912 1208 978 Aussosa
1230 912 1307 975 Lao.

500 1017 624 1089 Farrago
636 1035 664 1087 p.
679 1020 738 1087 326.
1404 1010 1541 1066 louvain.

501 1102 533 1160 F.
545 1122 572 1174 p.
585 1119 653 1174 431:
671 1095 726 1159 llll
734 1122 742 1160 z
762 1104 849 1161 hond.
861 1121 886 1158 x„
902 1118 952 1173 29:
970 1101 1026 1158 LB.
1039 1102 1104 1171 466.
1326 1114 1337 1155 1
1346 1112 1358 1169 5
1372 1098 1494 1155 October
1508 1094 1627 1169 (1518).

488 1257 643 1305 ERASMVS
664 1256 914 1306 Bomonarrvs
935 1254 1109 1304 AMBROSIO
1131 1255 1234 1304 11le
1257 1254 1389 1302 INSIGNI
1411 1253 1544 1301 MEDICO
1566 1250 1594 1297 S.
1611 1249 1645 1296 D.

508 1378 575 1453 Qvo
590 1379 697 1439 minus
717 1380 892 1455 expectatae
907 1380 1063 1439 venerunt
1077 1380 1149 1438 tuae
1168 1375 1283 1450 litatae,
1300 1374 1448 1436 Ambrosi
1470 1372 1662 1446 doctissime,

468 1477 527 1538 hoc
547 1477 628 1538 mihi
647 1478 720 1553 plus
739 1476 911 1554 voluptatis
930 1476 1112 1537 attulerunt
1162 1474 1213 1535 Sic
1237 1475 1323 1534 enim
1347 1473 1428 1533 mihi
1448 1475 1549 1533 totam
1570 1470 1663 1531 illam

468 1578 591 1636 nostras
614 1574 848 1636 consuetudinis
871 1574 1057 1635 memoriam
1082 1576 1282 1647 renouarunt‚
1311 1575 1348 1634 vt
1371 1591 1424 1634 eas
1447 1572 1554 1649 legens
1577 1570 1662 1647 apud

466 1672 603 1733 Venetos
628 1672 710 1733 mihi
736 1671 860 1733 viderer
883 1692 981 1749 agere,
1004 1676 1126 1734 veteres
1152 1672 1269 1733 amicos
1294 1690 1381 1731 meos
1400 1668 1483 1730 tueri
1504 1688 1609 1729 coram
1630 1672 1664 1727 et

438 1769 622 1848 samplecti
644 1769 774 1845 Aldum,
799 1770 975 1847 Baptistam
999 1770 1179 1848 Egnatium,
1202 1769 1434 1845 Hieronymum
1456 1766 1661 1841 Alcandrum‚

468 1869 509 1930 lh
543 1868 716 1940 llusnrum,
747 1872 780 1929 te
813 1888 887 1930 cum
915 1868 1028 1946 primis
1056 1870 1228 1930 amicorum
1258 1868 1403 1928 omnium
1424 1867 1660 1928 suauissimum.

467 1966 611 2042 Agnosco
624 1965 834 2044 lepidissimus
851 1971 923 2028 tuos
941 1985 1044 2027 mores
1063 1967 1098 2028 in
1118 1967 1250 2045 epistola
1268 1969 1331 2041 tua,
1348 1986 1427 2044 quae
1445 1969 1512 2026 tota
1531 1965 1608 2026 iocis
1626 1984 1664 2026 ac

468 2065 584 2126 salibus
597 2067 702 2127 scatet
747 2066 817 2126 Ote
830 2065 953 2126 felicem
967 2066 1019 2127 cui
1036 2067 1204 2144 contigerit
1221 2067 1256 2125 in
1269 2066 1491 2143 pulcherrimis
1504 2065 1618 2125 studiis
1630 2069 1665 2125 et

468 2163 504 2223 in
522 2166 597 2226 vrbe
613 2163 704 2225 facile
722 2164 865 2225 omnium
881 2164 1191 2242 magnificentissima
1210 2165 1294 2225 inter
1311 2163 1459 2240 patricios
1476 2166 1507 2224 et
1523 2164 1665 2224 eruditos

426 2261 553 2323 roviros
580 2265 816 2323 consenescere!
845 2282 919 2323 cum
942 2283 993 2323 me
1014 2283 1104 2324 meus
1124 2264 1235 2342 genius
1256 2262 1399 2341 pluribus
1421 2262 1544 2323 casibus
1568 2265 1664 2340 atquo

468 2358 624 2420 erroribus
636 2362 807 2421 exercuerit
824 2381 919 2439 quam
935 2381 1075 2440 vnquam
1095 2361 1263 2439 Neptunus
1280 2360 1424 2438 Vlyssem
1444 2359 1661 2422 Homericum.

468 2458 516 2517 At
534 2476 575 2516 ne
595 2456 669 2535 quid
690 2457 804 2519 horum
823 2459 945 2521 tribuas
968 2460 1195 2521 inconstantiae
1219 2459 1326 2535 animi,
1351 2461 1386 2520 in
1409 2462 1498 2520 tanta
1524 2458 1664 2519 fatorum

468 2553 618 2615 varietate
630 2574 752 2634 semper
764 2556 848 2617 idem
861 2576 896 2617 ac
910 2558 961 2617 sui
975 2557 1159 2619 simillimus
1172 2558 1233 2619 fuit
1246 2559 1404 2618 Erasmus.
1448 2557 1513 2618 Nec
1523 2576 1664 2635 vnquam

469 2649 550 2711 alius
563 2651 610 2711 fui
624 2671 719 2729 quam
732 2672 825 2728 sum;
846 2654 901 2713 sed
914 2653 960 2715 ita
978 2654 1098 2716 ferebat
1115 2655 1239 2717 fabulae
1256 2656 1343 2730 ratio,
1360 2655 1422 2716 alis
1440 2655 1576 2717 subinde
1596 2658 1665 2715 erat

426 2772 454 2823 1⁵
468 2748 587 2827 agenda
599 2769 738 2827 persona
781 2751 822 2811 Et
834 2754 941 2812 tamen
955 2756 1025 2813 tum
1040 2753 1167 2814 demum
1180 2753 1261 2814 mihi
1274 2753 1471 2831 Pythagoras
1484 2773 1520 2813 ac
1534 2752 1666 2813 Proteos

469 2844 624 2922 obiceres,
648 2847 677 2908 si
697 2867 805 2909 nosses
825 2868 936 2910 omnes
955 2849 1078 2911 fabulae
1101 2853 1227 2912 nostrae
1248 2853 1377 2912 menas!
1427 2851 1556 2926 Quoties
1577 2850 1665 2911 enim

468 2946 538 3021 post
549 2943 606 3004 illa
618 2965 670 3004 me
683 2946 873 3023 sepelierunt
885 2947 947 3022 isti,
963 2950 1086 3025 quoties
1099 2949 1165 3025 ipse
1178 2949 1260 3010 mihi
1272 2969 1344 3009 sum
1359 2951 1530 3027 superstes!
1565 2948 1665 3009 Bona

468 3060 541 3102 rom
554 3041 715 3103 literarum
727 3043 833 3106 hostes
846 3065 898 3105 me
914 3065 1009 3122 prope
1028 3046 1164 3125 singulis
1178 3048 1271 3108 annis
1284 3048 1420 3108 efferunt
1434 3047 1661 3124 sepeliuntque.

469 3137 596 3215 Quoties
608 3140 694 3202 adita
711 3141 792 3202 mihi
807 3142 931 3204 Basilea
950 3163 1007 3221 per
1026 3143 1147 3204 medios
1166 3143 1311 3220 latrones,
1327 3165 1381 3222 per
1402 3145 1520 3205 medias
1540 3147 1664 3222 pestes!

426 3262 457 3298 ιο
468 3255 542 3298 cum
555 3237 670 3315 quibus
682 3240 834 3300 monstris
846 3240 928 3301 mihi
945 3240 1130 3301 luctandum
1149 3242 1212 3302 fuit
1224 3244 1232 3303 1
1253 3242 1307 3320 qui
1321 3242 1451 3302 sudores
1465 3241 1665 3303 exantlandi!

469 3333 595 3396 Dicerss
623 3337 791 3398 Erasmum
820 3337 913 3398 illum
940 3338 1018 3399 olim
1044 3339 1184 3400 vitreum
1211 3358 1295 3400 nunc
1321 3340 1562 3400 adamantinum
1596 3358 1665 3401 esse

469 3433 595 3495 factum
649 3434 730 3509 Quid
757 3434 897 3497 faciam?
946 3436 998 3497 Sic
1026 3440 1074 3498 est
1099 3438 1201 3498 fatum
1229 3457 1344 3500 meum.
1387 3437 1437 3497 Tu
1465 3437 1585 3497 felicior
1612 3440 1665 3499 cui

470 3532 594 3593 licuerit
619 3532 654 3592 in
682 3531 814 3594 honesto
838 3534 1070 3613 tranquilloque
1098 3536 1165 3596 ocio
1192 3554 1264 3595 cum
1291 3534 1490 3612 philosophia
1512 3554 1663 3597 mussare.

469 3629 535 3690 Nec
547 3628 630 3690 rllae
642 3633 844 3708 tempestates
863 3632 1044 3693 inciderunt
1056 3652 1135 3711 quse
1148 3636 1180 3693 to
1192 3653 1212 3693 a
1223 3636 1332 3694 tenore
1349 3633 1433 3694 vitae
1445 3636 1664 3695 transuersum

426 3753 456 3803 25
469 3726 531 3788 alio
545 3732 696 3806 raperent

509 3826 716 3903 Expectamus
728 3827 909 3888 auidissimo
923 3829 1027 3890 foetus
1039 3828 1118 3890 istos
1131 3849 1196 3890 non
1209 3830 1311 3891 solum
1326 3829 1428 3889 Leone
1443 3828 1561 3907 dignos,
1578 3832 1615 3889 vt
1628 3831 1665 3890 tu

469 3940 571 3998 rocas,
584 3944 694 3986 verum
708 3925 805 3985 etiam
818 3926 988 3987 Ambrosio
1005 3926 1116 4005 dignos
1124 3946 1132 3998 ;
1154 3932 1190 3988 vt
1204 3947 1268 3989 non
1283 3928 1391 3988 minus
1405 3927 1542 3989 habeant
1556 3926 1664 3988 iucun-

469 4018 576 4082 ditatis
589 4043 682 4101 quam
696 4023 823 4098 roboris
834 4025 868 4085 et
880 4022 1046 4086 Nestorem
1060 4025 1154 4086 illum
1164 4024 1370 4087 Homericum
1380 4024 1505 4086 mellita
1519 4024 1667 4086 facundia

467 4122 639 4181 scatentem
653 4121 744 4182 nobis
757 4123 900 4182 referant
944 4122 1002 4183 Pie
1012 4125 1050 4185 tu
1060 4123 1196 4201 quidem,
1209 4124 1292 4202 quod
1306 4123 1420 4184 Nolam
1429 4123 1562 4200 patriam
1576 4125 1666 4185 tuam

425 4240 458 4292 30
469 4216 627 4294 illustrss;
661 4220 713 4280 cui
739 4220 897 4297 quondam
926 4220 1014 4282 Maro
1045 4224 1152 4283 noster
1182 4222 1300 4283 famam
1330 4222 1502 4283 inuidebat.
1556 4225 1665 4300 Atque

468 4317 590 4378 vtinam
610 4317 763 4395 prodisset
781 4319 893 4397 ingens
912 4320 992 4380 illud
1010 4340 1088 4398 opus
1107 4320 1257 4381 aduersus
1276 4322 1451 4381 Auerroem
1468 4321 1604 4397 impium
1619 4321 1666 4380 καὶ

468 4416 702 4494 τρῖςκατάρατονῐ
728 4416 775 4477 De
788 4418 990 4495 problematis
1000 4437 1106 4479 rerum
1117 4418 1317 4495 naturalium,
1331 4419 1413 4497 quod
1425 4437 1503 4496 opus
1511 4417 1575 4479 iam
1586 4418 1664 4479 olim

684 4612 721 4658 13.
739 4611 769 4645 ac
782 4598 825 4646 sui
836 4597 996 4649 simillimus
1007 4602 1064 4650 odd.
1075 4603 1103 4649 F.
1212 4614 1250 4663 19.
1268 4600 1339 4649 mihi
1349 4600 1408 4649 add.
1420 4604 1449 4648 F.

440 4769 444 4776 ·
502 4747 542 4795 sd.
561 4744 795 4809 Homericumsst
810 4760 831 4793 r.
844 4759 900 4805 249.
1090 4746 1178 4795 worls
1200 4747 1377 4796 enumerated
1398 4746 1434 4808 by
1456 4746 1588 4796 Camillus
1609 4748 1665 4810 (see

502 4825 545 4871 3ο.
561 4810 650 4874 Maro]
667 4810 707 4862 Of.
725 4808 796 4859 (tell.
818 4824 840 4870 7.
862 4824 902 4859 no.
924 4825 945 4860 1.
987 4809 1040 4859 Iao
1089 4826 1115 4873 p.
1135 4813 1196 4875 352)
1216 4812 1239 4860 is
1261 4826 1312 4861 one
1335 4817 1368 4861 Dc
1387 4817 1464 4872 siquis
1483 4816 1628 4869 plastorum
1644 4819 1666 4862 et

470 4877 590 4924 combats
601 4877 649 4925 the
659 4876 737 4926 truth
749 4876 779 4926 oi
786 4874 833 4923 tho
842 4878 932 4938 story:
942 4879 1040 4936 Dcooro
1089 4884 1214 4927 mmm.
1236 4877 1292 4927 But
1300 4877 1348 4926 tho
1357 4878 1492 4926 reference
1501 4879 1525 4927 is
1533 4876 1666 4942 probably

469 4943 567 5005 Nolano,
577 4940 596 4991 i.
609 4956 632 5002 7.
1089 4944 1118 4991 to
1134 4942 1181 4992 the
1193 4947 1337 5003 quaestiones
1348 4942 1385 5007 (p.
1397 4944 1467 5006 353),
1480 4942 1571 4992 which
1588 4944 1666 4993 liras·

500 5020 540 5068 aa
559 5005 599 5054 De
611 5004 798 5072 problematis]
808 5006 917 5069 Among
926 5006 975 5058 the
986 5020 1036 5056 ms.
1089 5021 1151 5058 mus
1162 5008 1216 5059 had
1228 5023 1292 5058 saon
1309 5010 1340 5057 in
1353 5010 1417 5071 1508
1429 5008 1473 5073 (cf.
1483 5013 1562 5070 Aduo.
1576 5010 1667 5074 2⁶⁶⁶).
