3867 6034
447 716 506 778 264
795 715 986 780 terrulas
1012 715 1066 779 OF
1094 716 1295 780 ERASMUS
1552 712 1581 796 [ι
1588 720 1649 789 518

403 892 550 952 15vsque,
566 891 641 950 roga
660 892 739 935 num
760 893 839 951 opus
857 873 962 951 ipsum
984 872 1155 951 perlegerit.
1200 873 1235 935 Si
1252 873 1399 950 perfricta
1416 873 1495 935 fecie
1513 873 1598 934 dicet
1616 893 1651 934 se

445 971 565 1048 lemese,
587 990 663 1049 vrge
691 972 727 1030 vt
753 970 857 1031 locum
884 971 1022 1049 proferat
1049 990 1144 1047 quem
1168 970 1379 1047 reprehendit.
1421 970 1494 1031 Non
1514 973 1651 1048 reperies

403 1122 405 1130 .
446 1086 622 1146 quenquam
637 1066 736 1144 quiid
750 1068 859 1143 possit.

489 1165 580 1228 Nunc
594 1164 667 1226 vide
681 1184 776 1242 quam
790 1165 849 1226 hoc
863 1166 905 1226 sit
918 1165 1141 1240 Christianum,
1155 1165 1220 1226 imo
1234 1185 1327 1243 quam
1341 1167 1568 1227 monachorum
1584 1186 1652 1243 pro

448 1264 583 1325 sessione
603 1262 742 1341 dignum,
761 1264 843 1341 apud
865 1262 1047 1342 imperitam
1066 1263 1190 1341 plebem
1209 1262 1343 1324 lacerare
1363 1264 1480 1324 famam
1502 1264 1651 1338 hominis,

405 1384 435 1419 ιο
448 1380 543 1438 quam
566 1360 660 1420 etiam
687 1362 716 1420 si
739 1361 848 1437 velint,
872 1362 986 1423 sarcire
1009 1381 1074 1422 non
1097 1361 1229 1437 possint,
1254 1380 1327 1421 oum
1352 1362 1384 1422 id
1407 1361 1488 1439 quod
1518 1366 1653 1438 carpunt

448 1478 575 1538 prorsus
602 1458 747 1536 ignorent
759 1481 768 1534 ;
800 1479 865 1520 non
893 1459 1067 1537 cogitantes
1094 1478 1166 1520 vere
1190 1458 1306 1519 dixisse
1336 1458 1480 1533 Paulum,
1505 1458 1652 1520 Maledici

449 1574 580 1632 regnum
614 1555 674 1617 Dei
709 1576 772 1617 non
807 1557 1020 1635 possidebunt.
1074 1556 1206 1616 Nullum
1235 1558 1341 1616 autem
1371 1556 1517 1616 infamiae
1552 1575 1654 1633 genus

449 1652 630 1714 sceleratius
643 1674 740 1731 qnam
752 1653 903 1725 hereseos,
920 1654 1003 1730 quod
1018 1653 1073 1714 isti
1086 1654 1194 1714 statim
1214 1652 1395 1731 impingunt
1409 1654 1523 1732 siquis
1536 1673 1589 1714 eos
1603 1653 1654 1713 vel

449 1751 530 1810 nutu
544 1750 690 1812 offendat

407 1876 436 1925 ²5
490 1847 611 1908 Deinde
629 1849 892 1925 quemadmodum
911 1847 994 1927 apud
1013 1848 1164 1921 Elueties,
1181 1850 1217 1908 vt
1236 1849 1372 1923 narrant,
1389 1867 1453 1908 vno
1468 1850 1619 1927 quopiam
1637 1870 1654 1909 e

449 1944 541 2007 turba
561 1945 737 2023 proferente
756 1944 900 2024 digitum,
921 1945 1055 2024 digitum
1075 1947 1239 2024 proferunt
1259 1964 1369 2006 omnes
1392 1948 1424 2006 et
1446 1946 1486 2007 ad
1506 1947 1655 2025 praedam

449 2046 626 2118 accurrunt,
647 2044 692 2103 ita
715 2042 811 2103 simul
831 2046 926 2122 atque
949 2064 988 2104 ex
1012 2045 1073 2104 isto
1093 2063 1187 2122 grege
1206 2064 1289 2105 vnus
1316 2043 1474 2121 quispiam
1502 2046 1657 2122 grunnire

450 2140 576 2219 ceperit,
591 2159 665 2202 mox
674 2142 853 2219 grunniunt
865 2140 1005 2204 vniuersi
1019 2144 1051 2202 et
1063 2141 1145 2219 apud
1158 2140 1312 2220 populum
1326 2141 1514 2219 quiritantes
1527 2143 1568 2203 ad
1582 2161 1657 2204 saxa

450 2241 641 2316 prouocanti
661 2239 750 2300 velut
778 2239 869 2300 obliti
898 2239 1101 2318 professionis
1130 2259 1212 2314 suae,
1235 2259 1299 2300 non
1320 2237 1405 2300 aliud
1429 2239 1564 2316 professi
1590 2240 1658 2300 sint

407 2364 439 2413 30
451 2340 587 2412 quamvt
594 2336 891 2398 bonorumvirorum
901 2338 1031 2398 nomina
1038 2337 1164 2415 linguae
1171 2355 1245 2398 suae
1251 2336 1422 2398 virulentia
1429 2338 1655 2411 contaminent,

450 2452 485 2493 ac
511 2452 641 2511 prorsus
661 2434 748 2495 iuxta
767 2435 1009 2513 Psalmcgraphi
1033 2434 1226 2509 vaticinium,
1253 2436 1415 2496 Acuerunt
1439 2434 1565 2513 linguas
1585 2455 1659 2496 suae

452 2532 534 2590 sicut
566 2536 735 2608 serpentes,
768 2552 928 2594 venenum
962 2533 1106 2611 aspidum
1138 2533 1198 2593 sub
1233 2531 1327 2593 labiis
1355 2550 1472 2591 eorum.
1516 2531 1567 2593 Ita
1602 2532 1658 2609 qui

454 2624 608 2688 debebant
628 2628 824 2691 Christianae
842 2630 968 2709 pietatis
985 2630 1210 2708 praedicatores
1230 2648 1305 2705 esee,
1322 2629 1425 2690 studio
1441 2633 1518 2690 sunt
1537 2630 1658 2691 alienae

452 2722 580 2801 pietatis
601 2724 841 2801 obtrectatores;
861 2729 894 2787 et
917 2727 973 2805 qui
992 2747 1027 2788 se
1046 2728 1234 2803 profitentur
1253 2726 1485 2803 hierophantas,
1506 2727 1659 2788 exhibent

409 2853 441 2905 35
453 2821 669 2899 sycophantas
713 2824 755 2885 Et
769 2824 852 2902 quod
865 2824 1001 2903 prodigii
1014 2825 1117 2886 simile
1130 2828 1185 2901 est,
1197 2824 1342 2885 homines
1356 2824 1395 2885 ad
1409 2825 1658 2885 benedicendum

455 2918 671 2996 infantissimi,
687 2922 725 2982 ad
745 2922 953 2982 mordendum
974 2925 1006 2983 et
1024 2921 1282 2984 calumniandum
1304 2920 1447 3000 linguam
1464 2921 1607 2995 habent;
1627 2925 1659 2982 et

455 3014 533 3077 alias
558 3036 688 3094 prorsus
707 3037 726 3079 a
747 3018 847 3079 Musis
866 3023 898 3080 et
919 3020 1037 3080 Gratiis
1057 3020 1164 3093 alieni,
1185 3020 1220 3079 in
1240 3020 1477 3097 conspurcanda
1503 3019 1660 3080 bonorum

454 3114 596 3175 virorum
609 3115 693 3176 fama
707 3115 782 3177 salsi
794 3116 856 3178 sibi
868 3117 1019 3178 videntur
1032 3121 1064 3178 et
1073 3117 1209 3179 venusti.

497 3212 670 3289 Postremo,
681 3214 764 3291 quod
778 3234 834 3291 per
846 3233 880 3275 se
894 3234 957 3275 non
970 3218 1112 3291 possunt,
1123 3235 1179 3293 per
1192 3213 1377 3275 subornatos
1391 3215 1495 3291 egunt,
1506 3213 1661 3274 conducto

410 3344 444 3393 40
458 3308 592 3389 Oberylo
611 3311 761 3389 quopiam
780 3315 834 3372 aut
853 3312 938 3373 malo
956 3311 1102 3373 rhetorer
1133 3315 1222 3373 tanta
1240 3314 1288 3372 est
1306 3311 1431 3371 ledendi
1450 3310 1554 3385 libido,
1572 3314 1661 3372 tanta

457 3407 528 3469 sitis
545 3409 591 3469 rei
609 3429 682 3470 oum
695 3409 862 3471 facillimae
874 3416 945 3470 tum
959 3409 1223 3471 sceleratissimae.
1266 3409 1419 3470 Prodesse
1433 3408 1660 3469 difficillimum

457 3510 514 3580 est,
531 3506 583 3567 sed
598 3507 687 3568 iuxta
699 3507 808 3585 piumz
830 3527 886 3567 cur
903 3527 969 3568 non
988 3507 1046 3568 bac
1064 3510 1153 3584 parte
1172 3508 1277 3584 potine
1296 3506 1454 3567 declarant
1474 3526 1508 3566 se
1528 3526 1661 3583 magnos

457 3624 493 3665 ae
513 3605 727 3682 suspiciendos
746 3605 942 3680 homines,si
963 3604 1038 3682 quid
1059 3623 1126 3665 esse
1144 3604 1280 3665 volunt?
1321 3604 1398 3664 Erat
1417 3604 1475 3663 hcc
1494 3604 1660 3664 hominum

458 3721 559 3780 genus
572 3702 702 3764 omnino
718 3703 852 3779 dignum
865 3703 912 3763 ita
924 3700 1016 3762 libris
1031 3701 1181 3763 celebrari
1194 3707 1230 3763 vt
1244 3702 1410 3779 posteritas
1426 3701 1663 3779 non‘ignoraret

413 3833 446 3882 45
459 3800 608 3862 eximiam
622 3821 748 3863 mamm
762 3801 944 3879 ingeniique
959 3800 1196 3877 peruersitatem
1210 3800 1269 3860 sub
1287 3800 1448 3876 praetextu
1468 3798 1663 3859 Christianae

455 3898 628 3975 ,religionis
671 3901 777 3977 Atque
789 3899 822 3959 id
837 3899 969 3959 fortasse
984 3900 1140 3975 praestare
1154 3897 1283 3970 valeam,
1299 3896 1328 3957 si
1345 3896 1511 3974 paululum
1524 3895 1659 3957 adnitar.

459 3996 580 4056 Verum
600 3997 660 4057 boc
680 3997 795 4074 partim
816 3996 976 4057 dissuadet
999 3994 1178 4056 Christiana
1198 3994 1360 4067 modestia,
1381 3992 1496 4071 partim
1514 3994 1662 4070 iniquum

460 4095 596 4157 arbitror
631 4094 670 4155 ob
698 4115 868 4172 paucorum
900 4092 1059 4154 maliciam
1090 4092 1255 4153 uniuersos
1285 4091 1413 4152 ordines
1441 4092 1475 4150 in
1506 4090 1663 4151 inuidiam

460 4212 588 4257 vocarer
610 4192 773 4270 inquibus
787 4193 851 4253 seio
864 4190 1038 4269 permultos
1051 4210 1118 4251 esee
1132 4190 1246 4268 quibus
1264 4190 1399 4250 istorum
1418 4188 1579 4249 temeritas
1598 4208 1663 4249 nou

341 4359 344 4365 ,
417 4322 449 4373 50
461 4292 569 4355 minus
581 4290 725 4369 displicet
739 4310 775 4351 ae
788 4289 889 4351 nobie
933 4287 1034 4367 Magis
1047 4288 1125 4348 libet
1141 4308 1250 4349 eorum
1267 4287 1382 4348 habere
1395 4287 1548 4347 rationem
1563 4288 1664 4365 quiet

461 4391 577 4468 pietate
589 4393 622 4451 et
635 4388 812 4450 eruditione
824 4391 857 4448 et
870 4386 1022 4463 dignitate
1036 4385 1257 4463 praecellentes
1270 4385 1386 4463 gratiae
1398 4387 1498 4461 agimt
1512 4384 1594 4445 mihi
1607 4405 1664 4462 pro

461 4487 541 4549 meis
554 4486 822 4566 qualibuscunque
835 4482 954 4562 vigiliis
968 4507 976 4557 3
996 4486 1152 4557 conatum,
1169 4482 1287 4560 opinor,
1303 4482 1521 4559 approbantes,
1538 4480 1663 4558 siquod

463 4616 987 4744 ..ss0u3’i.r¹⁰<¹;‘.?·...r..s⁵t
1000 4614 1312 4737 refertus..
1385 4610 1665 4736 ‘tlttuut

462 4748 525 4797 eltis
534 4751 588 4797 MS.
686 4762 727 4808 43.
745 4746 813 4795 Erat
823 4745 874 4794 hcc
884 4749 954 4793 us:
971 4744 1021 4793 Est
1031 4743 1105 4792 istud
1115 4747 1144 4792 D.
1251 4759 1291 4803 44.
1311 4743 1416 4804 ignoret
1428 4744 1459 4789 D.
1566 4756 1606 4802 47.
1626 4745 1667 4788 D:

463 4812 653 4863 dienadetlts.

496 4942 537 4978 ar.
555 4926 684 4992 Paulam]
698 4927 780 4977 acor.
792 4928 817 4976 ⁶.
831 4941 869 4975 ro
1124 4938 1165 4983 ⁴⁰·
1184 4920 1313 4987 Cherylo]
1330 4922 1371 4972 Cf.
1392 4921 1458 4971 Hor.
1475 4925 1520 4979 sp.
1536 4936 1559 4970 a.
1575 4936 1594 4967 1.
1606 4935 1664 4980 233,

493 5008 538 5057 e1·
557 4990 775 5056 Μῦν-ὼ]
789 4990 1003 5054 1eas(1⁴0·el·
1091 4992 1225 5050 Maer-
