<?xml version="1.0" encoding="UTF-8"?>
<!DOCTYPE html PUBLIC "-//W3C//DTD XHTML 1.0 Transitional//EN"
    "http://www.w3.org/TR/xhtml1/DTD/xhtml1-transitional.dtd">
<html xmlns="http://www.w3.org/1999/xhtml" xml:lang="en" lang="en">
 <head>
  <title>
</title>
<meta http-equiv="Content-Type" content="text/html;charset=utf-8" />
  <meta name='ocr-system' content='tesseract 3.04.00' />
  <meta name='ocr-capabilities' content='ocr_page ocr_carea ocr_par ocr_line ocrx_word'/>
</head>
<body>
  <div class='ocr_page' id='page_1' title='image "./opusepistolarum03garrgoog_0604.png"; bbox 0 0 3867 6034; ppageno 0'>
   <div class='ocr_carea' id='block_1_1' title="bbox 384 735 1612 820">
    <p class='ocr_par' dir='ltr' id='par_1_1' title="bbox 384 735 1612 820">
     <span class='ocr_line' id='line_1_1' title="bbox 384 735 1612 820; baseline -0.007 -16"><span class='ocrx_word' id='word_1_1' title='bbox 384 743 446 805; x_wconf 72' lang='lat' dir='ltr'>cta</span> <span class='ocrx_word' id='word_1_2' title='bbox 732 740 920 802; x_wconf 67' lang='lat' dir='ltr'>LETTERS</span> <span class='ocrx_word' id='word_1_3' title='bbox 948 741 1003 803; x_wconf 84' lang='lat' dir='ltr'>OF</span> <span class='ocrx_word' id='word_1_4' title='bbox 1031 739 1232 802; x_wconf 76' lang='lat' dir='ltr'>ERASMUS</span> <span class='ocrx_word' id='word_1_5' title='bbox 1512 735 1612 820; x_wconf 85' lang='lat'>[¹519</span> 
     </span>
    </p>
   </div>
   <div class='ocr_carea' id='block_1_2' title="bbox 345 896 1620 2838">
    <p class='ocr_par' dir='ltr' id='par_1_2' title="bbox 345 896 1620 2838">
     <span class='ocr_line' id='line_1_2' title="bbox 385 896 1618 977; baseline -0.001 -17"><span class='ocrx_word' id='word_1_6' title='bbox 385 899 512 977; x_wconf 85' lang='lat' dir='ltr'>nigrior.</span> <span class='ocrx_word' id='word_1_7' title='bbox 554 898 709 960; x_wconf 89' lang='lat' dir='ltr'>Videbam</span> <span class='ocrx_word' id='word_1_8' title='bbox 725 897 890 975; x_wconf 91' lang='lat' dir='ltr'>spinosum</span> <span class='ocrx_word' id='word_1_9' title='bbox 903 896 963 957; x_wconf 93' lang='lat' dir='ltr'>hoc</span> <span class='ocrx_word' id='word_1_10' title='bbox 977 916 1012 957; x_wconf 89' lang='lat' dir='ltr'>ac</span> <span class='ocrx_word' id='word_1_11' title='bbox 1025 897 1177 974; x_wconf 83' lang='lat' dir='ltr'>frigidum</span> <span class='ocrx_word' id='word_1_12' title='bbox 1187 896 1367 975; x_wconf 74' lang='lat' dir='ltr'>theologiae</span> <span class='ocrx_word' id='word_1_13' title='bbox 1382 918 1499 977; x_wconf 88' lang='lat' dir='ltr'>genus</span> <span class='ocrx_word' id='word_1_14' title='bbox 1513 898 1618 959; x_wconf 84' lang='lat' dir='ltr'>indies</span> 
     </span>
     <span class='ocr_line' id='line_1_3' title="bbox 385 995 1619 1075; baseline -0.001 -17"><span class='ocrx_word' id='word_1_15' title='bbox 385 1000 420 1058; x_wconf 92' lang='lat' dir='ltr'>in</span> <span class='ocrx_word' id='word_1_16' title='bbox 433 998 523 1075; x_wconf 86' lang='lat' dir='ltr'>peius</span> <span class='ocrx_word' id='word_1_17' title='bbox 533 1016 659 1075; x_wconf 88' lang='lat' dir='ltr'>vergere</span> <span class='ocrx_word' id='word_1_18' title='bbox 670 1018 678 1072; x_wconf 75' lang='lat'>3</span> <span class='ocrx_word' id='word_1_19' title='bbox 699 997 802 1057; x_wconf 84' lang='lat' dir='ltr'>tontes</span> <span class='ocrx_word' id='word_1_20' title='bbox 815 1015 851 1058; x_wconf 89' lang='lat' dir='ltr'>ac</span> <span class='ocrx_word' id='word_1_21' title='bbox 859 997 982 1055; x_wconf 84' lang='lat' dir='ltr'>veteres</span> <span class='ocrx_word' id='word_1_22' title='bbox 995 995 1068 1057; x_wconf 92' lang='lat' dir='ltr'>illos</span> <span class='ocrx_word' id='word_1_23' title='bbox 1079 995 1269 1056; x_wconf 88' lang='lat' dir='ltr'>orthodoxos</span> <span class='ocrx_word' id='word_1_24' title='bbox 1281 1015 1365 1074; x_wconf 88' lang='lat' dir='ltr'>pene</span> <span class='ocrx_word' id='word_1_25' title='bbox 1380 1017 1445 1074; x_wconf 92' lang='lat' dir='ltr'>pro</span> <span class='ocrx_word' id='word_1_26' title='bbox 1459 996 1619 1058; x_wconf 76' lang='lat' dir='ltr'>obsoletis</span> 
     </span>
     <span class='ocr_line' id='line_1_4' title="bbox 386 1093 1618 1174; baseline -0.001 -18"><span class='ocrx_word' id='word_1_27' title='bbox 386 1094 504 1157; x_wconf 89' lang='lat' dir='ltr'>haberi.</span> <span class='ocrx_word' id='word_1_28' title='bbox 544 1094 682 1155; x_wconf 83' lang='lat' dir='ltr'>Proinde</span> <span class='ocrx_word' id='word_1_29' title='bbox 695 1096 823 1155; x_wconf 88' lang='lat' dir='ltr'>conatus</span> <span class='ocrx_word' id='word_1_30' title='bbox 837 1113 909 1154; x_wconf 91' lang='lat' dir='ltr'>sum</span> <span class='ocrx_word' id='word_1_31' title='bbox 923 1113 1034 1153; x_wconf 89' lang='lat' dir='ltr'>omnes</span> <span class='ocrx_word' id='word_1_32' title='bbox 1047 1093 1086 1153; x_wconf 90' lang='lat' dir='ltr'>ad</span> <span class='ocrx_word' id='word_1_33' title='bbox 1102 1112 1282 1171; x_wconf 76' lang='lat' dir='ltr'>germanam</span> <span class='ocrx_word' id='word_1_34' title='bbox 1297 1093 1393 1155; x_wconf 90' lang='lat' dir='ltr'>illam</span> <span class='ocrx_word' id='word_1_35' title='bbox 1408 1094 1618 1174; x_wconf 79' lang='lat' dir='ltr'>theologiam</span> 
     </span>
     <span class='ocr_line' id='line_1_5' title="bbox 345 1190 1616 1276; baseline -0.002 -21"><span class='ocrx_word' id='word_1_36' title='bbox 345 1225 374 1276; x_wconf 82' lang='lat'>15</span> <span class='ocrx_word' id='word_1_37' title='bbox 388 1212 539 1269; x_wconf 89' lang='lat' dir='ltr'>reuocare,</span> <span class='ocrx_word' id='word_1_38' title='bbox 552 1212 617 1253; x_wconf 91' lang='lat' dir='ltr'>non</span> <span class='ocrx_word' id='word_1_39' title='bbox 630 1192 667 1253; x_wconf 94' lang='lat' dir='ltr'>in</span> <span class='ocrx_word' id='word_1_40' title='bbox 679 1193 785 1253; x_wconf 89' lang='lat' dir='ltr'>totum</span> <span class='ocrx_word' id='word_1_41' title='bbox 794 1191 950 1252; x_wconf 82' lang='lat' dir='ltr'>dsmmns</span> <span class='ocrx_word' id='word_1_42' title='bbox 963 1190 998 1251; x_wconf 91' lang='lat' dir='ltr'>in</span> <span class='ocrx_word' id='word_1_43' title='bbox 1013 1191 1130 1252; x_wconf 88' lang='lat' dir='ltr'>scholis</span> <span class='ocrx_word' id='word_1_44' title='bbox 1143 1193 1266 1269; x_wconf 86' lang='lat' dir='ltr'>recepta</span> <span class='ocrx_word' id='word_1_45' title='bbox 1280 1191 1399 1262; x_wconf 75' lang='lat' dir='ltr'>studia.</span> <span class='ocrx_word' id='word_1_46' title='bbox 1413 1192 1478 1253; x_wconf 86' lang='lat' dir='ltr'>sed</span> <span class='ocrx_word' id='word_1_47' title='bbox 1496 1193 1616 1270; x_wconf 85' lang='lat' dir='ltr'>partim</span> 
     </span>
     <span class='ocr_line' id='line_1_6' title="bbox 388 1288 1617 1368; baseline 0 -15"><span class='ocrx_word' id='word_1_48' title='bbox 388 1292 562 1366; x_wconf 81' lang='lat' dir='ltr'>moderans,</span> <span class='ocrx_word' id='word_1_49' title='bbox 575 1288 690 1368; x_wconf 79' lang='lat' dir='ltr'>partim</span> <span class='ocrx_word' id='word_1_50' title='bbox 705 1289 847 1350; x_wconf 86' lang='lat' dir='ltr'>indicans</span> <span class='ocrx_word' id='word_1_51' title='bbox 857 1289 932 1367; x_wconf 90' lang='lat' dir='ltr'>quid</span> <span class='ocrx_word' id='word_1_52' title='bbox 944 1292 1086 1366; x_wconf 89' lang='lat' dir='ltr'>optarem</span> <span class='ocrx_word' id='word_1_53' title='bbox 1100 1289 1252 1351; x_wconf 88' lang='lat' dir='ltr'>accedere.</span> <span class='ocrx_word' id='word_1_54' title='bbox 1287 1288 1468 1367; x_wconf 82' lang='lat' dir='ltr'>Siquidem</span> <span class='ocrx_word' id='word_1_55' title='bbox 1480 1294 1522 1353; x_wconf 84' lang='lat' dir='ltr'>vt</span> <span class='ocrx_word' id='word_1_56' title='bbox 1536 1290 1617 1352; x_wconf 90' lang='lat' dir='ltr'>mihi</span> 
     </span>
     <span class='ocr_line' id='line_1_7' title="bbox 390 1386 1619 1467; baseline -0.001 -16"><span class='ocrx_word' id='word_1_57' title='bbox 390 1409 454 1452; x_wconf 91' lang='lat' dir='ltr'>non</span> <span class='ocrx_word' id='word_1_58' title='bbox 467 1388 592 1467; x_wconf 89' lang='lat' dir='ltr'>placent</span> <span class='ocrx_word' id='word_1_59' title='bbox 602 1387 657 1465; x_wconf 88' lang='lat' dir='ltr'>qui</span> <span class='ocrx_word' id='word_1_60' title='bbox 666 1387 759 1449; x_wconf 89' lang='lat' dir='ltr'>bonis</span> <span class='ocrx_word' id='word_1_61' title='bbox 772 1386 875 1448; x_wconf 85' lang='lat' dir='ltr'>literis</span> <span class='ocrx_word' id='word_1_62' title='bbox 889 1387 973 1447; x_wconf 90' lang='lat' dir='ltr'><strong>nihil</strong></span> <span class='ocrx_word' id='word_1_63' title='bbox 983 1388 1113 1448; x_wconf 93' lang='lat' dir='ltr'>omnino</span> <span class='ocrx_word' id='word_1_64' title='bbox 1124 1387 1278 1460; x_wconf 88' lang='lat' dir='ltr'>tribuunt,</span> <span class='ocrx_word' id='word_1_65' title='bbox 1292 1386 1337 1447; x_wconf 88' lang='lat' dir='ltr'>ita</span> <span class='ocrx_word' id='word_1_66' title='bbox 1352 1406 1424 1449; x_wconf 91' lang='lat' dir='ltr'>non</span> <span class='ocrx_word' id='word_1_67' title='bbox 1440 1389 1552 1467; x_wconf 91' lang='lat' dir='ltr'>probo</span> <span class='ocrx_word' id='word_1_68' title='bbox 1563 1390 1619 1450; x_wconf 88' lang='lat' dir='ltr'>hos</span> 
     </span>
     <span class='ocr_line' id='line_1_8' title="bbox 391 1485 1359 1568; baseline -0.004 -20"><span class='ocrx_word' id='word_1_69' title='bbox 391 1487 446 1568; x_wconf 93' lang='lat' dir='ltr'>qui</span> <span class='ocrx_word' id='word_1_70' title='bbox 460 1485 689 1547; x_wconf 87' lang='lat' dir='ltr'>neotericorum</span> <span class='ocrx_word' id='word_1_71' title='bbox 703 1485 922 1563; x_wconf 79' lang='lat' dir='ltr'>theologorum</span> <span class='ocrx_word' id='word_1_72' title='bbox 935 1485 1040 1546; x_wconf 90' lang='lat' dir='ltr'>studia</span> <span class='ocrx_word' id='word_1_73' title='bbox 1052 1504 1181 1564; x_wconf 85' lang='lat' dir='ltr'>prorsus</span> <span class='ocrx_word' id='word_1_74' title='bbox 1193 1486 1359 1546; x_wconf 85' lang='lat' dir='ltr'>damnant.</span> 
     </span>
     <span class='ocr_line' id='line_1_9' title="bbox 432 1582 1618 1663; baseline -0.002 -17"><span class='ocrx_word' id='word_1_75' title='bbox 432 1584 578 1646; x_wconf 86' lang='lat' dir='ltr'>Demiror</span> <span class='ocrx_word' id='word_1_76' title='bbox 587 1585 695 1645; x_wconf 87' lang='lat' dir='ltr'>autem</span> <span class='ocrx_word' id='word_1_77' title='bbox 708 1582 939 1660; x_wconf 90' lang='lat' dir='ltr'>impudentiam</span> <span class='ocrx_word' id='word_1_78' title='bbox 950 1583 1043 1644; x_wconf 90' lang='lat' dir='ltr'>istius</span> <span class='ocrx_word' id='word_1_79' title='bbox 1053 1582 1195 1661; x_wconf 89' lang='lat' dir='ltr'>quisquis</span> <span class='ocrx_word' id='word_1_80' title='bbox 1204 1585 1252 1643; x_wconf 90' lang='lat' dir='ltr'>est</span> <span class='ocrx_word' id='word_1_81' title='bbox 1260 1582 1417 1644; x_wconf 76' lang='lat' dir='ltr'>canonici</span> <span class='ocrx_word' id='word_1_82' title='bbox 1429 1584 1618 1663; x_wconf 80' lang='lat' dir='ltr'>Pragsnsis,</span> 
     </span>
     <span class='ocr_line' id='line_1_10' title="bbox 350 1678 1618 1763; baseline -0.002 -20"><span class='ocrx_word' id='word_1_83' title='bbox 350 1714 381 1752; x_wconf 79' lang='lat'>20</span> <span class='ocrx_word' id='word_1_84' title='bbox 393 1682 448 1763; x_wconf 90' lang='lat' dir='ltr'>qui</span> <span class='ocrx_word' id='word_1_85' title='bbox 461 1686 528 1743; x_wconf 89' lang='lat' dir='ltr'>tam</span> <span class='ocrx_word' id='word_1_86' title='bbox 546 1680 705 1760; x_wconf 74' lang='lat' dir='ltr'>insignem</span> <span class='ocrx_word' id='word_1_87' title='bbox 725 1678 881 1741; x_wconf 88' lang='lat' dir='ltr'>mendacii</span> <span class='ocrx_word' id='word_1_88' title='bbox 900 1680 996 1741; x_wconf 83' lang='lat' dir='ltr'>telam</span> <span class='ocrx_word' id='word_1_89' title='bbox 1011 1681 1100 1742; x_wconf 87' lang='lat' dir='ltr'>velut</span> <span class='ocrx_word' id='word_1_90' title='bbox 1112 1699 1245 1742; x_wconf 87' lang='lat' dir='ltr'>araneus</span> <span class='ocrx_word' id='word_1_91' title='bbox 1257 1699 1297 1741; x_wconf 86' lang='lat' dir='ltr'>ex</span> <span class='ocrx_word' id='word_1_92' title='bbox 1314 1700 1387 1741; x_wconf 91' lang='lat' dir='ltr'>sese</span> <span class='ocrx_word' id='word_1_93' title='bbox 1405 1683 1618 1743; x_wconf 82' lang='lat' dir='ltr'>confinxerit.</span> 
     </span>
     <span class='ocr_line' id='line_1_11' title="bbox 394 1775 1620 1854; baseline -0.004 -12"><span class='ocrx_word' id='word_1_94' title='bbox 394 1775 635 1843; x_wconf 76' lang='lat' dir='ltr'>coloniensibus</span> <span class='ocrx_word' id='word_1_95' title='bbox 648 1776 831 1854; x_wconf 69' lang='lat' dir='ltr'>aliquandiu</span> <span class='ocrx_word' id='word_1_96' title='bbox 845 1796 894 1837; x_wconf 90' lang='lat' dir='ltr'>res</span> <span class='ocrx_word' id='word_1_97' title='bbox 906 1777 968 1838; x_wconf 80' lang='lat' dir='ltr'>fuit</span> <span class='ocrx_word' id='word_1_98' title='bbox 978 1797 1052 1838; x_wconf 92' lang='lat' dir='ltr'>cum</span> <span class='ocrx_word' id='word_1_99' title='bbox 1064 1777 1183 1837; x_wconf 86' lang='lat' dir='ltr'>eximio</span> <span class='ocrx_word' id='word_1_100' title='bbox 1193 1776 1263 1838; x_wconf 84' lang='lat' dir='ltr'>viro</span> <span class='ocrx_word' id='word_1_101' title='bbox 1274 1776 1401 1838; x_wconf 90' lang='lat' dir='ltr'>Ioanne</span> <span class='ocrx_word' id='word_1_102' title='bbox 1411 1780 1620 1851; x_wconf 84' lang='lat' dir='ltr'>Reuchlino;</span> 
     </span>
     <span class='ocr_line' id='line_1_12' title="bbox 395 1873 1618 1953; baseline -0.002 -14"><span class='ocrx_word' id='word_1_103' title='bbox 395 1895 520 1939; x_wconf 88' lang='lat' dir='ltr'>mecum</span> <span class='ocrx_word' id='word_1_104' title='bbox 539 1893 640 1953; x_wconf 91' lang='lat' dir='ltr'>neque</span> <span class='ocrx_word' id='word_1_105' title='bbox 657 1873 784 1952; x_wconf 88' lang='lat' dir='ltr'>scriptis</span> <span class='ocrx_word' id='word_1_106' title='bbox 801 1892 903 1952; x_wconf 88' lang='lat' dir='ltr'>neque</span> <span class='ocrx_word' id='word_1_107' title='bbox 922 1873 1017 1936; x_wconf 88' lang='lat' dir='ltr'>dictis</span> <span class='ocrx_word' id='word_1_108' title='bbox 1028 1895 1169 1952; x_wconf 80' lang='lat' dir='ltr'>vnquam</span> <span class='ocrx_word' id='word_1_109' title='bbox 1187 1877 1264 1935; x_wconf 87' lang='lat' dir='ltr'>eunt</span> <span class='ocrx_word' id='word_1_110' title='bbox 1278 1874 1470 1953; x_wconf 87' lang='lat' dir='ltr'>conflictati,</span> <span class='ocrx_word' id='word_1_111' title='bbox 1490 1881 1618 1939; x_wconf 88' lang='lat' dir='ltr'>tantum</span> 
     </span>
     <span class='ocr_line' id='line_1_13' title="bbox 394 1970 1619 2051; baseline -0.002 -13"><span class='ocrx_word' id='word_1_112' title='bbox 394 1976 483 2037; x_wconf 86' lang='lat' dir='ltr'>abest</span> <span class='ocrx_word' id='word_1_113' title='bbox 495 1977 531 2035; x_wconf 84' lang='lat' dir='ltr'>vt</span> <span class='ocrx_word' id='word_1_114' title='bbox 548 1972 726 2034; x_wconf 84' lang='lat' dir='ltr'>exusserint</span> <span class='ocrx_word' id='word_1_115' title='bbox 744 1991 831 2032; x_wconf 88' lang='lat' dir='ltr'>meas</span> <span class='ocrx_word' id='word_1_116' title='bbox 847 1970 1095 2034; x_wconf 84' lang='lat' dir='ltr'>Lucubrationes</span> <span class='ocrx_word' id='word_1_117' title='bbox 1109 1992 1173 2034; x_wconf 83' lang='lat' dir='ltr'>vna</span> <span class='ocrx_word' id='word_1_118' title='bbox 1191 1992 1264 2034; x_wconf 93' lang='lat' dir='ltr'>cum</span> <span class='ocrx_word' id='word_1_119' title='bbox 1282 1973 1353 2051; x_wconf 92' lang='lat' dir='ltr'>ipso</span> <span class='ocrx_word' id='word_1_120' title='bbox 1373 1978 1502 2037; x_wconf 89' lang='lat' dir='ltr'>autore.</span> <span class='ocrx_word' id='word_1_121' title='bbox 1548 1976 1619 2037; x_wconf 90' lang='lat' dir='ltr'>Imo</span> 
     </span>
     <span class='ocr_line' id='line_1_14' title="bbox 396 2069 1616 2153; baseline -0.002 -18"><span class='ocrx_word' id='word_1_122' title='bbox 396 2074 518 2153; x_wconf 87' lang='lat' dir='ltr'>quoties</span> <span class='ocrx_word' id='word_1_123' title='bbox 537 2071 610 2133; x_wconf 91' lang='lat' dir='ltr'>illac</span> <span class='ocrx_word' id='word_1_124' title='bbox 630 2070 691 2132; x_wconf 86' lang='lat' dir='ltr'>iter</span> <span class='ocrx_word' id='word_1_125' title='bbox 710 2069 779 2145; x_wconf 82' lang='lat' dir='ltr'>feci,</span> <span class='ocrx_word' id='word_1_126' title='bbox 800 2089 872 2132; x_wconf 89' lang='lat' dir='ltr'>sum</span> <span class='ocrx_word' id='word_1_127' title='bbox 890 2089 911 2131; x_wconf 85' lang='lat' dir='ltr'>a</span> <span class='ocrx_word' id='word_1_128' title='bbox 930 2069 1090 2147; x_wconf 87' lang='lat' dir='ltr'>primariis</span> <span class='ocrx_word' id='word_1_129' title='bbox 1109 2070 1188 2132; x_wconf 81' lang='lat' dir='ltr'>viris</span> <span class='ocrx_word' id='word_1_130' title='bbox 1208 2074 1240 2131; x_wconf 92' lang='lat' dir='ltr'>et</span> <span class='ocrx_word' id='word_1_131' title='bbox 1259 2075 1411 2150; x_wconf 84' lang='lat' dir='ltr'>exceptus</span> <span class='ocrx_word' id='word_1_132' title='bbox 1435 2072 1616 2135; x_wconf 88' lang='lat' dir='ltr'>honorifice</span> 
     </span>
     <span class='ocr_line' id='line_1_15' title="bbox 353 2167 1614 2252; baseline -0.004 -16"><span class='ocrx_word' id='word_1_133' title='bbox 353 2201 383 2252; x_wconf 79' lang='lat'>²⁵</span> <span class='ocrx_word' id='word_1_134' title='bbox 397 2177 429 2235; x_wconf 89' lang='lat' dir='ltr'>et</span> <span class='ocrx_word' id='word_1_135' title='bbox 442 2189 569 2232; x_wconf 87' lang='lat' dir='ltr'>summa</span> <span class='ocrx_word' id='word_1_136' title='bbox 577 2189 650 2230; x_wconf 90' lang='lat' dir='ltr'>cum</span> <span class='ocrx_word' id='word_1_137' title='bbox 663 2167 862 2230; x_wconf 74' lang='lat' dir='ltr'>humanitate</span> <span class='ocrx_word' id='word_1_138' title='bbox 876 2168 1035 2230; x_wconf 87' lang='lat' dir='ltr'>dimissus.</span> <span class='ocrx_word' id='word_1_139' title='bbox 1069 2170 1255 2247; x_wconf 76' lang='lat' dir='ltr'>Quanquam</span> <span class='ocrx_word' id='word_1_140' title='bbox 1265 2169 1357 2230; x_wconf 84' lang='lat' dir='ltr'>facile</span> <span class='ocrx_word' id='word_1_141' title='bbox 1371 2172 1573 2233; x_wconf 82' lang='lat' dir='ltr'>crediderim</span> <span class='ocrx_word' id='word_1_142' title='bbox 1586 2177 1614 2232; x_wconf 88' lang='lat' dir='ltr'>et</span> 
     </span>
     <span class='ocr_line' id='line_1_16' title="bbox 397 2266 1614 2348; baseline 0 -18"><span class='ocrx_word' id='word_1_143' title='bbox 397 2270 464 2331; x_wconf 91' lang='lat' dir='ltr'>illic</span> <span class='ocrx_word' id='word_1_144' title='bbox 486 2287 553 2329; x_wconf 88' lang='lat' dir='ltr'>esso</span> <span class='ocrx_word' id='word_1_145' title='bbox 575 2268 630 2346; x_wconf 92' lang='lat' dir='ltr'>qui</span> <span class='ocrx_word' id='word_1_146' title='bbox 651 2266 737 2328; x_wconf 90' lang='lat' dir='ltr'>inter</span> <span class='ocrx_word' id='word_1_147' title='bbox 760 2285 834 2327; x_wconf 90' lang='lat' dir='ltr'>suos</span> <span class='ocrx_word' id='word_1_148' title='bbox 857 2266 1015 2328; x_wconf 86' lang='lat' dir='ltr'>oblatrent</span> <span class='ocrx_word' id='word_1_149' title='bbox 1037 2268 1191 2329; x_wconf 82' lang='lat' dir='ltr'>Erasmo:</span> <span class='ocrx_word' id='word_1_150' title='bbox 1222 2266 1322 2328; x_wconf 85' lang='lat' dir='ltr'>veluti</span> <span class='ocrx_word' id='word_1_151' title='bbox 1346 2287 1457 2346; x_wconf 86' lang='lat' dir='ltr'>nuper</span> <span class='ocrx_word' id='word_1_152' title='bbox 1483 2270 1614 2348; x_wconf 85' lang='lat' dir='ltr'>quidam</span> 
     </span>
     <span class='ocr_line' id='line_1_17' title="bbox 399 2364 1615 2443; baseline -0.002 -13"><span class='ocrx_word' id='word_1_153' title='bbox 399 2390 417 2430; x_wconf 91' lang='lat' dir='ltr'>e</span> <span class='ocrx_word' id='word_1_154' title='bbox 437 2365 583 2429; x_wconf 91' lang='lat' dir='ltr'>sodalitio</span> <span class='ocrx_word' id='word_1_155' title='bbox 604 2364 859 2426; x_wconf 90' lang='lat' dir='ltr'>Praedicatorum</span> <span class='ocrx_word' id='word_1_156' title='bbox 878 2384 934 2425; x_wconf 90' lang='lat' dir='ltr'>ceu</span> <span class='ocrx_word' id='word_1_157' title='bbox 955 2384 1023 2425; x_wconf 90' lang='lat' dir='ltr'>rem</span> <span class='ocrx_word' id='word_1_158' title='bbox 1044 2368 1237 2443; x_wconf 78' lang='lat' dir='ltr'>compertam</span> <span class='ocrx_word' id='word_1_159' title='bbox 1258 2365 1342 2426; x_wconf 87' lang='lat' dir='ltr'>inter</span> <span class='ocrx_word' id='word_1_160' title='bbox 1364 2386 1444 2428; x_wconf 90' lang='lat' dir='ltr'>suos</span> <span class='ocrx_word' id='word_1_161' title='bbox 1467 2370 1615 2429; x_wconf 83' lang='lat' dir='ltr'>narrabat</span> 
     </span>
     <span class='ocr_line' id='line_1_18' title="bbox 400 2462 1613 2544; baseline 0 -16"><span class='ocrx_word' id='word_1_162' title='bbox 400 2467 570 2528; x_wconf 78' lang='lat' dir='ltr'>Erasmum</span> <span class='ocrx_word' id='word_1_163' title='bbox 594 2462 728 2525; x_wconf 85' lang='lat' dir='ltr'>Louauii</span> <span class='ocrx_word' id='word_1_164' title='bbox 749 2462 815 2524; x_wconf 84' lang='lat' dir='ltr'>vita</span> <span class='ocrx_word' id='word_1_165' title='bbox 837 2462 1030 2538; x_wconf 83' lang='lat' dir='ltr'>defunctum,</span> <span class='ocrx_word' id='word_1_166' title='bbox 1045 2467 1078 2524; x_wconf 85' lang='lat' dir='ltr'>et</span> <span class='ocrx_word' id='word_1_167' title='bbox 1103 2463 1233 2524; x_wconf 87' lang='lat' dir='ltr'>addebat</span> <span class='ocrx_word' id='word_1_168' title='bbox 1257 2464 1457 2542; x_wconf 79' lang='lat' dir='ltr'>sycophanta</span> <span class='ocrx_word' id='word_1_169' title='bbox 1483 2467 1613 2544; x_wconf 86' lang='lat' dir='ltr'>dignam</span> 
     </span>
     <span class='ocr_line' id='line_1_19' title="bbox 400 2559 1616 2643; baseline 0 -19"><span class='ocrx_word' id='word_1_170' title='bbox 400 2566 469 2643; x_wconf 89' lang='lat' dir='ltr'>ipso</span> <span class='ocrx_word' id='word_1_171' title='bbox 482 2562 636 2637; x_wconf 78' lang='lat' dir='ltr'>facetiam,</span> <span class='ocrx_word' id='word_1_172' title='bbox 655 2561 739 2622; x_wconf 91' lang='lat' dir='ltr'>‘sine</span> <span class='ocrx_word' id='word_1_173' title='bbox 757 2559 822 2637; x_wconf 76' lang='lat' dir='ltr'>lux,</span> <span class='ocrx_word' id='word_1_174' title='bbox 837 2560 906 2621; x_wconf 90' lang='lat' dir='ltr'>sine</span> <span class='ocrx_word' id='word_1_175' title='bbox 927 2580 1013 2636; x_wconf 83' lang='lat' dir='ltr'>crux,</span> <span class='ocrx_word' id='word_1_176' title='bbox 1029 2561 1098 2622; x_wconf 89' lang='lat' dir='ltr'>sine</span> <span class='ocrx_word' id='word_1_177' title='bbox 1113 2561 1220 2622; x_wconf 82' lang='lat' dir='ltr'>Deua&#39;</span> <span class='ocrx_word' id='word_1_178' title='bbox 1260 2561 1411 2623; x_wconf 87' lang='lat' dir='ltr'>Narranti</span> <span class='ocrx_word' id='word_1_179' title='bbox 1429 2564 1616 2642; x_wconf 80' lang='lat' dir='ltr'>frequenter</span> 
     </span>
     <span class='ocr_line' id='line_1_20' title="bbox 358 2657 1617 2740; baseline -0.003 -16"><span class='ocrx_word' id='word_1_180' title='bbox 358 2689 390 2739; x_wconf 81' lang='lat'>30</span> <span class='ocrx_word' id='word_1_181' title='bbox 400 2661 586 2740; x_wconf 86' lang='lat' dir='ltr'>applausum</span> <span class='ocrx_word' id='word_1_182' title='bbox 610 2662 659 2720; x_wconf 88' lang='lat' dir='ltr'>eet</span> <span class='ocrx_word' id='word_1_183' title='bbox 682 2679 701 2719; x_wconf 88' lang='lat' dir='ltr'>a</span> <span class='ocrx_word' id='word_1_184' title='bbox 723 2657 964 2719; x_wconf 85' lang='lat' dir='ltr'>combibonibus</span> <span class='ocrx_word' id='word_1_185' title='bbox 987 2659 1158 2720; x_wconf 86' lang='lat' dir='ltr'>monachis.</span> <span class='ocrx_word' id='word_1_186' title='bbox 1201 2658 1290 2735; x_wconf 78' lang='lat' dir='ltr'>Quod</span> <span class='ocrx_word' id='word_1_187' title='bbox 1315 2659 1342 2719; x_wconf 91' lang='lat' dir='ltr'>si</span> <span class='ocrx_word' id='word_1_188' title='bbox 1367 2680 1436 2720; x_wconf 94' lang='lat' dir='ltr'>non</span> <span class='ocrx_word' id='word_1_189' title='bbox 1464 2666 1617 2723; x_wconf 81' lang='lat' dir='ltr'>verentur</span> 
     </span>
     <span class='ocr_line' id='line_1_21' title="bbox 402 2756 1616 2838; baseline -0.001 -18"><span class='ocrx_word' id='word_1_190' title='bbox 402 2757 584 2820; x_wconf 90' lang='lat' dir='ltr'>huiusmodi</span> <span class='ocrx_word' id='word_1_191' title='bbox 606 2757 783 2834; x_wconf 86' lang='lat' dir='ltr'>confingere</span> <span class='ocrx_word' id='word_1_192' title='bbox 806 2756 846 2817; x_wconf 92' lang='lat' dir='ltr'>de</span> <span class='ocrx_word' id='word_1_193' title='bbox 869 2776 920 2817; x_wconf 91' lang='lat' dir='ltr'>me</span> <span class='ocrx_word' id='word_1_194' title='bbox 941 2756 1055 2827; x_wconf 83' lang='lat' dir='ltr'>vicino,</span> <span class='ocrx_word' id='word_1_195' title='bbox 1081 2757 1188 2819; x_wconf 88' lang='lat' dir='ltr'>minus</span> <span class='ocrx_word' id='word_1_196' title='bbox 1216 2756 1336 2817; x_wconf 89' lang='lat' dir='ltr'>mirum</span> <span class='ocrx_word' id='word_1_197' title='bbox 1363 2758 1391 2822; x_wconf 90' lang='lat' dir='ltr'>si</span> <span class='ocrx_word' id='word_1_198' title='bbox 1417 2760 1547 2838; x_wconf 84' lang='lat' dir='ltr'>Pragae</span> <span class='ocrx_word' id='word_1_199' title='bbox 1575 2762 1616 2820; x_wconf 82' lang='lat' dir='ltr'>sic</span> 
     </span>
    </p>
   </div>
   <div class='ocr_carea' id='block_1_3' title="bbox 404 2853 1615 3035">
    <p class='ocr_par' dir='ltr' id='par_1_3' title="bbox 404 2853 1615 3035">
     <span class='ocr_line' id='line_1_22' title="bbox 404 2853 1614 2937; baseline 0 -20"><span class='ocrx_word' id='word_1_200' title='bbox 404 2855 606 2917; x_wconf 89' lang='lat' dir='ltr'>mentiantur.</span> <span class='ocrx_word' id='word_1_201' title='bbox 646 2853 767 2914; x_wconf 85' lang='lat' dir='ltr'>Verum</span> <span class='ocrx_word' id='word_1_202' title='bbox 790 2872 828 2914; x_wconf 88' lang='lat' dir='ltr'>ex</span> <span class='ocrx_word' id='word_1_203' title='bbox 852 2853 904 2915; x_wconf 92' lang='lat' dir='ltr'>his</span> <span class='ocrx_word' id='word_1_204' title='bbox 928 2854 1026 2926; x_wconf 84' lang='lat' dir='ltr'>iactis,</span> <span class='ocrx_word' id='word_1_205' title='bbox 1054 2874 1133 2932; x_wconf 91' lang='lat' dir='ltr'>quae</span> <span class='ocrx_word' id='word_1_206' title='bbox 1162 2853 1276 2915; x_wconf 87' lang='lat' dir='ltr'>cotidie</span> <span class='ocrx_word' id='word_1_207' title='bbox 1304 2856 1407 2915; x_wconf 89' lang='lat' dir='ltr'>multa</span> <span class='ocrx_word' id='word_1_208' title='bbox 1435 2857 1614 2937; x_wconf 76' lang='lat' dir='ltr'>designant,</span> 
     </span>
     <span class='ocr_line' id='line_1_23' title="bbox 405 2951 1615 3035; baseline 0 -20"><span class='ocrx_word' id='word_1_209' title='bbox 405 2954 557 3016; x_wconf 89' lang='lat' dir='ltr'>coniicere</span> <span class='ocrx_word' id='word_1_210' title='bbox 568 2952 644 3013; x_wconf 91' lang='lat' dir='ltr'>licet</span> <span class='ocrx_word' id='word_1_211' title='bbox 655 2955 773 3030; x_wconf 86' lang='lat' dir='ltr'>quanta</span> <span class='ocrx_word' id='word_1_212' title='bbox 785 2951 926 3028; x_wconf 87' lang='lat' dir='ltr'>Erinnys</span> <span class='ocrx_word' id='word_1_213' title='bbox 939 2952 1073 3012; x_wconf 89' lang='lat' dir='ltr'>istorum</span> <span class='ocrx_word' id='word_1_214' title='bbox 1087 2956 1197 3030; x_wconf 90' lang='lat' dir='ltr'>pectus</span> <span class='ocrx_word' id='word_1_215' title='bbox 1208 2952 1380 3029; x_wconf 83' lang='lat' dir='ltr'>occupauit</span> <span class='ocrx_word' id='word_1_216' title='bbox 1415 2953 1490 3034; x_wconf 85' lang='lat' dir='ltr'>Ego</span> <span class='ocrx_word' id='word_1_217' title='bbox 1504 2957 1615 3035; x_wconf 75' lang='lat' dir='ltr'>magis,</span> 
     </span>
    </p>
   </div>
   <div class='ocr_carea' id='block_1_4' title="bbox 363 3048 1622 4310">
    <p class='ocr_par' dir='ltr' id='par_1_4' title="bbox 363 3048 1617 3228">
     <span class='ocr_line' id='line_1_24' title="bbox 405 3048 1617 3129; baseline -0.002 -15"><span class='ocrx_word' id='word_1_218' title='bbox 405 3053 451 3114; x_wconf 91' lang='lat' dir='ltr'>ita</span> <span class='ocrx_word' id='word_1_219' title='bbox 467 3071 517 3114; x_wconf 91' lang='lat' dir='ltr'>me</span> <span class='ocrx_word' id='word_1_220' title='bbox 531 3050 676 3112; x_wconf 77' lang='lat' dir='ltr'>Christus</span> <span class='ocrx_word' id='word_1_221' title='bbox 693 3052 787 3123; x_wconf 91' lang='lat' dir='ltr'>amet,</span> <span class='ocrx_word' id='word_1_222' title='bbox 803 3048 945 3126; x_wconf 90' lang='lat' dir='ltr'>ipsorum</span> <span class='ocrx_word' id='word_1_223' title='bbox 961 3050 1064 3111; x_wconf 83' lang='lat' dir='ltr'>vicem</span> <span class='ocrx_word' id='word_1_224' title='bbox 1083 3050 1173 3111; x_wconf 89' lang='lat' dir='ltr'>doleo</span> <span class='ocrx_word' id='word_1_225' title='bbox 1187 3070 1281 3129; x_wconf 88' lang='lat' dir='ltr'>quarn</span> <span class='ocrx_word' id='word_1_226' title='bbox 1300 3070 1413 3113; x_wconf 89' lang='lat' dir='ltr'>meam.</span> <span class='ocrx_word' id='word_1_227' title='bbox 1462 3052 1551 3114; x_wconf 89' lang='lat' dir='ltr'>Nam</span> <span class='ocrx_word' id='word_1_228' title='bbox 1570 3074 1617 3114; x_wconf 91' lang='lat' dir='ltr'>me</span> 
     </span>
     <span class='ocr_line' id='line_1_25' title="bbox 363 3147 1617 3228; baseline -0.002 -16"><span class='ocrx_word' id='word_1_229' title='bbox 363 3176 394 3225; x_wconf 77' lang='lat'>35</span> <span class='ocrx_word' id='word_1_230' title='bbox 407 3150 486 3212; x_wconf 86' lang='lat' dir='ltr'>satis</span> <span class='ocrx_word' id='word_1_231' title='bbox 512 3148 691 3210; x_wconf 86' lang='lat' dir='ltr'>consolatur</span> <span class='ocrx_word' id='word_1_232' title='bbox 718 3151 788 3208; x_wconf 91' lang='lat' dir='ltr'>tum</span> <span class='ocrx_word' id='word_1_233' title='bbox 820 3147 898 3207; x_wconf 89' lang='lat' dir='ltr'>recti</span> <span class='ocrx_word' id='word_1_234' title='bbox 925 3147 1125 3222; x_wconf 87' lang='lat' dir='ltr'>conscientia,</span> <span class='ocrx_word' id='word_1_235' title='bbox 1157 3155 1226 3208; x_wconf 91' lang='lat' dir='ltr'>tum</span> <span class='ocrx_word' id='word_1_236' title='bbox 1255 3147 1366 3226; x_wconf 90' lang='lat' dir='ltr'>optimi</span> <span class='ocrx_word' id='word_1_237' title='bbox 1393 3149 1556 3228; x_wconf 91' lang='lat' dir='ltr'>cuiusque</span> <span class='ocrx_word' id='word_1_238' title='bbox 1582 3152 1617 3211; x_wconf 84' lang='lat' dir='ltr'>de</span> 
     </span>
    </p>

    <p class='ocr_par' dir='ltr' id='par_1_5' title="bbox 407 3245 1619 3324">
     <span class='ocr_line' id='line_1_26' title="bbox 407 3245 1619 3324; baseline 0.002 -14"><span class='ocrx_word' id='word_1_239' title='bbox 407 3270 459 3310; x_wconf 93' lang='lat' dir='ltr'>me</span> <span class='ocrx_word' id='word_1_240' title='bbox 480 3247 649 3309; x_wconf 87' lang='lat' dir='ltr'>iudicium:</span> <span class='ocrx_word' id='word_1_241' title='bbox 679 3246 803 3324; x_wconf 90' lang='lat' dir='ltr'>quando</span> <span class='ocrx_word' id='word_1_242' title='bbox 826 3245 948 3305; x_wconf 90' lang='lat' dir='ltr'>nemini</span> <span class='ocrx_word' id='word_1_243' title='bbox 972 3245 1154 3306; x_wconf 84' lang='lat' dir='ltr'>mortalium</span> <span class='ocrx_word' id='word_1_244' title='bbox 1179 3245 1280 3306; x_wconf 92' lang='lat' dir='ltr'>adhuc</span> <span class='ocrx_word' id='word_1_245' title='bbox 1306 3246 1443 3324; x_wconf 87' lang='lat' dir='ltr'>contigit</span> <span class='ocrx_word' id='word_1_246' title='bbox 1468 3251 1619 3311; x_wconf 84' lang='lat' dir='ltr'>omnibus</span> 
     </span>
    </p>

    <p class='ocr_par' dir='ltr' id='par_1_6' title="bbox 429 3346 568 3409">
     <span class='ocr_line' id='line_1_27' title="bbox 429 3346 568 3409; baseline -0.022 0"><span class='ocrx_word' id='word_1_247' title='bbox 429 3346 568 3409; x_wconf 87' lang='lat' dir='ltr'>iacuisse.</span> 
     </span>
    </p>

    <p class='ocr_par' dir='ltr' id='par_1_7' title="bbox 407 3369 1619 3523">
     <span class='ocr_line' id='line_1_28' title="bbox 407 3369 1619 3523; baseline 0.001 -19"><span class='ocrx_word' id='word_1_248' title='bbox 407 3369 429 3428; x_wconf 68' lang='lat' dir='ltr'>p</span> <span class='ocrx_word' id='word_1_249' title='bbox 451 3442 575 3505; x_wconf 90' lang='lat' dir='ltr'>Prodiit</span> <span class='ocrx_word' id='word_1_250' title='bbox 589 3442 716 3503; x_wconf 88' lang='lat' dir='ltr'>Nouum</span> <span class='ocrx_word' id='word_1_251' title='bbox 730 3441 967 3502; x_wconf 79' lang='lat' dir='ltr'>Testamentum</span> <span class='ocrx_word' id='word_1_252' title='bbox 986 3460 1112 3501; x_wconf 89' lang='lat' dir='ltr'>rursum</span> <span class='ocrx_word' id='word_1_253' title='bbox 1130 3460 1148 3501; x_wconf 90' lang='lat' dir='ltr'>a</span> <span class='ocrx_word' id='word_1_254' title='bbox 1164 3460 1214 3500; x_wconf 92' lang='lat' dir='ltr'>me</span> <span class='ocrx_word' id='word_1_255' title='bbox 1232 3460 1297 3501; x_wconf 93' lang='lat' dir='ltr'>non</span> <span class='ocrx_word' id='word_1_256' title='bbox 1316 3442 1486 3503; x_wconf 84' lang='lat' dir='ltr'>credendis</span> <span class='ocrx_word' id='word_1_257' title='bbox 1500 3445 1619 3523; x_wconf 83' lang='lat' dir='ltr'>vigiliis</span> 
     </span>
    </p>

    <p class='ocr_par' dir='ltr' id='par_1_8' title="bbox 367 3537 1619 3722">
     <span class='ocr_line' id='line_1_29' title="bbox 410 3537 1619 3616; baseline -0.003 -11"><span class='ocrx_word' id='word_1_258' title='bbox 410 3546 569 3614; x_wconf 87' lang='lat' dir='ltr'>nouatum,</span> <span class='ocrx_word' id='word_1_259' title='bbox 593 3558 694 3616; x_wconf 90' lang='lat' dir='ltr'>neque</span> <span class='ocrx_word' id='word_1_260' title='bbox 715 3539 865 3599; x_wconf 89' lang='lat' dir='ltr'>mediocri</span> <span class='ocrx_word' id='word_1_261' title='bbox 885 3537 1111 3615; x_wconf 83' lang='lat' dir='ltr'>locupletatum</span> <span class='ocrx_word' id='word_1_262' title='bbox 1137 3538 1320 3599; x_wconf 90' lang='lat' dir='ltr'>accessione.</span> <span class='ocrx_word' id='word_1_263' title='bbox 1364 3540 1556 3603; x_wconf 86' lang='lat' dir='ltr'>Praefixum</span> <span class='ocrx_word' id='word_1_264' title='bbox 1575 3546 1619 3603; x_wconf 87' lang='lat' dir='ltr'>est</span> 
     </span>
     <span class='ocr_line' id='line_1_30' title="bbox 367 3636 1619 3722; baseline -0.002 -18"><span class='ocrx_word' id='word_1_265' title='bbox 367 3668 399 3716; x_wconf 89' lang='lat'>40</span> <span class='ocrx_word' id='word_1_266' title='bbox 411 3640 595 3722; x_wconf 90' lang='lat' dir='ltr'>epistolium</span> <span class='ocrx_word' id='word_1_267' title='bbox 608 3636 722 3699; x_wconf 84' lang='lat' dir='ltr'>Leonis</span> <span class='ocrx_word' id='word_1_268' title='bbox 740 3636 863 3711; x_wconf 90' lang='lat' dir='ltr'>decimi,</span> <span class='ocrx_word' id='word_1_269' title='bbox 880 3656 942 3714; x_wconf 94' lang='lat' dir='ltr'>quo</span> <span class='ocrx_word' id='word_1_270' title='bbox 957 3641 987 3698; x_wconf 90' lang='lat' dir='ltr'>et</span> <span class='ocrx_word' id='word_1_271' title='bbox 1002 3640 1137 3697; x_wconf 84' lang='lat' dir='ltr'>veterem</span> <span class='ocrx_word' id='word_1_272' title='bbox 1156 3636 1347 3698; x_wconf 88' lang='lat' dir='ltr'>seditionem</span> <span class='ocrx_word' id='word_1_273' title='bbox 1365 3640 1526 3714; x_wconf 90' lang='lat' dir='ltr'>approbat</span> <span class='ocrx_word' id='word_1_274' title='bbox 1539 3642 1619 3702; x_wconf 85' lang='lat' dir='ltr'>etad</span> 
     </span>
    </p>

    <p class='ocr_par' dir='ltr' id='par_1_9' title="bbox 411 3735 759 3802">
     <span class='ocr_line' id='line_1_31' title="bbox 411 3735 759 3802; baseline -0.02 0"><span class='ocrx_word' id='word_1_275' title='bbox 411 3742 492 3802; x_wconf 87' lang='lat' dir='ltr'>hanc</span> <span class='ocrx_word' id='word_1_276' title='bbox 506 3756 622 3798; x_wconf 89' lang='lat' dir='ltr'>nouem</span> <span class='ocrx_word' id='word_1_277' title='bbox 634 3735 759 3796; x_wconf 87' lang='lat' dir='ltr'>inuitat.</span> 
     </span>
    </p>

    <p class='ocr_par' dir='ltr' id='par_1_10' title="bbox 414 3832 1620 4113">
     <span class='ocr_line' id='line_1_32' title="bbox 454 3832 1620 3914; baseline 0 -18"><span class='ocrx_word' id='word_1_278' title='bbox 454 3837 573 3913; x_wconf 86' lang='lat' dir='ltr'>Pragae</span> <span class='ocrx_word' id='word_1_279' title='bbox 601 3833 677 3913; x_wconf 91' lang='lat' dir='ltr'>quid</span> <span class='ocrx_word' id='word_1_280' title='bbox 705 3833 786 3893; x_wconf 90' lang='lat' dir='ltr'>mihi</span> <span class='ocrx_word' id='word_1_281' title='bbox 813 3833 935 3911; x_wconf 91' lang='lat' dir='ltr'>negocii</span> <span class='ocrx_word' id='word_1_282' title='bbox 962 3833 1062 3910; x_wconf 86' lang='lat' dir='ltr'>possit</span> <span class='ocrx_word' id='word_1_283' title='bbox 1089 3854 1155 3893; x_wconf 87' lang='lat' dir='ltr'>esse</span> <span class='ocrx_word' id='word_1_284' title='bbox 1187 3853 1249 3893; x_wconf 93' lang='lat' dir='ltr'>non</span> <span class='ocrx_word' id='word_1_285' title='bbox 1277 3832 1378 3892; x_wconf 85' lang='lat' dir='ltr'>video.</span> <span class='ocrx_word' id='word_1_286' title='bbox 1422 3834 1510 3895; x_wconf 83' lang='lat' dir='ltr'>Nam</span> <span class='ocrx_word' id='word_1_287' title='bbox 1541 3835 1620 3914; x_wconf 88' lang='lat' dir='ltr'>quod</span> 
     </span>
     <span class='ocr_line' id='line_1_33' title="bbox 414 3931 1620 4015; baseline -0.001 -21"><span class='ocrx_word' id='word_1_288' title='bbox 414 3934 569 4015; x_wconf 87' lang='lat' dir='ltr'>polliceris</span> <span class='ocrx_word' id='word_1_289' title='bbox 591 3952 656 3993; x_wconf 92' lang='lat' dir='ltr'>non</span> <span class='ocrx_word' id='word_1_290' title='bbox 677 3932 779 3993; x_wconf 80' lang='lat' dir='ltr'>delore</span> <span class='ocrx_word' id='word_1_291' title='bbox 799 3931 854 4009; x_wconf 92' lang='lat' dir='ltr'>qui</span> <span class='ocrx_word' id='word_1_292' title='bbox 873 3951 925 3991; x_wconf 92' lang='lat' dir='ltr'>me</span> <span class='ocrx_word' id='word_1_293' title='bbox 946 3935 1016 3992; x_wconf 90' lang='lat' dir='ltr'>tuto</span> <span class='ocrx_word' id='word_1_294' title='bbox 1035 3952 1097 4010; x_wconf 90' lang='lat' dir='ltr'>quo</span> <span class='ocrx_word' id='word_1_295' title='bbox 1115 3931 1243 3992; x_wconf 90' lang='lat' dir='ltr'>voluero</span> <span class='ocrx_word' id='word_1_296' title='bbox 1265 3931 1429 4007; x_wconf 80' lang='lat' dir='ltr'>deducant,</span> <span class='ocrx_word' id='word_1_297' title='bbox 1452 3933 1539 3994; x_wconf 87' lang='lat' dir='ltr'>mihi</span> <span class='ocrx_word' id='word_1_298' title='bbox 1561 3953 1620 3993; x_wconf 90' lang='lat' dir='ltr'>non</span> 
     </span>
     <span class='ocr_line' id='line_1_34' title="bbox 414 4028 1620 4113; baseline -0.005 -17"><span class='ocrx_word' id='word_1_299' title='bbox 414 4035 539 4113; x_wconf 90' lang='lat' dir='ltr'>placent</span> <span class='ocrx_word' id='word_1_300' title='bbox 559 4031 702 4109; x_wconf 90' lang='lat' dir='ltr'>regiones</span> <span class='ocrx_word' id='word_1_301' title='bbox 723 4029 759 4089; x_wconf 93' lang='lat' dir='ltr'>in</span> <span class='ocrx_word' id='word_1_302' title='bbox 779 4028 894 4106; x_wconf 91' lang='lat' dir='ltr'>quibus</span> <span class='ocrx_word' id='word_1_303' title='bbox 914 4029 1098 4090; x_wconf 92' lang='lat' dir='ltr'>huiusmodi</span> <span class='ocrx_word' id='word_1_304' title='bbox 1118 4029 1339 4090; x_wconf 90' lang='lat' dir='ltr'>deductoribus</span> <span class='ocrx_word' id='word_1_305' title='bbox 1358 4029 1402 4090; x_wconf 91' lang='lat' dir='ltr'>sit</span> <span class='ocrx_word' id='word_1_306' title='bbox 1423 4049 1515 4108; x_wconf 88' lang='lat' dir='ltr'>opus.</span> <span class='ocrx_word' id='word_1_307' title='bbox 1563 4030 1620 4092; x_wconf 86' lang='lat' dir='ltr'>Hic</span> 
     </span>
    </p>

    <p class='ocr_par' dir='ltr' id='par_1_11' title="bbox 372 4127 1622 4310">
     <span class='ocr_line' id='line_1_35' title="bbox 372 4127 1622 4211; baseline -0.006 -16"><span class='ocrx_word' id='word_1_308' title='bbox 372 4162 403 4211; x_wconf 82' lang='lat'>45</span> <span class='ocrx_word' id='word_1_309' title='bbox 415 4135 466 4195; x_wconf 87' lang='lat' dir='ltr'>vel</span> <span class='ocrx_word' id='word_1_310' title='bbox 488 4131 549 4192; x_wconf 91' lang='lat' dir='ltr'>soli</span> <span class='ocrx_word' id='word_1_311' title='bbox 570 4129 703 4190; x_wconf 90' lang='lat' dir='ltr'>liberum</span> <span class='ocrx_word' id='word_1_312' title='bbox 724 4131 772 4189; x_wconf 87' lang='lat' dir='ltr'>ost</span> <span class='ocrx_word' id='word_1_313' title='bbox 791 4128 836 4187; x_wconf 88' lang='lat' dir='ltr'>iro</span> <span class='ocrx_word' id='word_1_314' title='bbox 853 4149 916 4205; x_wconf 93' lang='lat' dir='ltr'>quo</span> <span class='ocrx_word' id='word_1_315' title='bbox 929 4128 1037 4189; x_wconf 83' lang='lat' dir='ltr'>velim.</span> <span class='ocrx_word' id='word_1_316' title='bbox 1081 4127 1189 4206; x_wconf 87' lang='lat' dir='ltr'>Neque</span> <span class='ocrx_word' id='word_1_317' title='bbox 1205 4147 1279 4189; x_wconf 87' lang='lat' dir='ltr'>vero</span> <span class='ocrx_word' id='word_1_318' title='bbox 1300 4127 1409 4187; x_wconf 90' lang='lat' dir='ltr'>dubito</span> <span class='ocrx_word' id='word_1_319' title='bbox 1424 4128 1508 4206; x_wconf 92' lang='lat' dir='ltr'>quin</span> <span class='ocrx_word' id='word_1_320' title='bbox 1529 4130 1622 4192; x_wconf 88' lang='lat' dir='ltr'>isthic</span> 
     </span>
     <span class='ocr_line' id='line_1_36' title="bbox 417 4225 1620 4310; baseline -0.003 -17"><span class='ocrx_word' id='word_1_321' title='bbox 417 4233 597 4310; x_wconf 86' lang='lat' dir='ltr'>reperturus</span> <span class='ocrx_word' id='word_1_322' title='bbox 617 4227 688 4302; x_wconf 89' lang='lat' dir='ltr'>sim,</span> <span class='ocrx_word' id='word_1_323' title='bbox 704 4226 751 4287; x_wconf 87' lang='lat' dir='ltr'>vti</span> <span class='ocrx_word' id='word_1_324' title='bbox 771 4225 890 4301; x_wconf 89' lang='lat' dir='ltr'>scribis,</span> <span class='ocrx_word' id='word_1_325' title='bbox 906 4228 1084 4305; x_wconf 81' lang='lat' dir='ltr'>complures</span> <span class='ocrx_word' id='word_1_326' title='bbox 1100 4226 1241 4286; x_wconf 90' lang='lat' dir='ltr'>doctrina</span> <span class='ocrx_word' id='word_1_327' title='bbox 1260 4225 1437 4304; x_wconf 83' lang='lat' dir='ltr'>pietateque</span> <span class='ocrx_word' id='word_1_328' title='bbox 1458 4230 1620 4305; x_wconf 77' lang='lat' dir='ltr'>spectatos,</span> 
     </span>
    </p>
   </div>
   <div class='ocr_carea' id='block_1_5' title="bbox 762 4374 1274 4435">
    <p class='ocr_par' dir='ltr' id='par_1_12' title="bbox 762 4374 1274 4435">
     <span class='ocr_line' id='line_1_37' title="bbox 762 4374 1274 4435; baseline 0.006 -16"><span class='ocrx_word' id='word_1_329' title='bbox 762 4387 800 4431; x_wconf 84' lang='lat'>24.</span> <span class='ocrx_word' id='word_1_330' title='bbox 819 4375 947 4435; x_wconf 85' lang='lat' dir='ltr'>exceptus</span> <span class='ocrx_word' id='word_1_331' title='bbox 958 4376 981 4420; x_wconf 83' lang='grc' dir='ltr'><em>Ε</em></span> <span class='ocrx_word' id='word_1_332' title='bbox 992 4376 1048 4422; x_wconf 84' lang='lat' dir='ltr'>LB:</span> <span class='ocrx_word' id='word_1_333' title='bbox 1065 4374 1189 4434; x_wconf 84' lang='lat' dir='ltr'>acceptus</span> <span class='ocrx_word' id='word_1_334' title='bbox 1201 4376 1274 4422; x_wconf 77' lang='lat' dir='ltr'>lond.</span> 
     </span>
    </p>
   </div>
   <div class='ocr_carea' id='block_1_6' title="bbox 421 4503 1629 5096">
    <p class='ocr_par' dir='ltr' id='par_1_13' title="bbox 421 4503 1626 4831">
     <span class='ocr_line' id='line_1_38' title="bbox 455 4503 1622 4572; baseline -0.003 -14"><span class='ocrx_word' id='word_1_335' title='bbox 455 4525 492 4559; x_wconf 78' lang='lat'>12.</span> <span class='ocrx_word' id='word_1_336' title='bbox 510 4507 626 4572; x_wconf 91' lang='lat' dir='ltr'>nigrior]</span> <span class='ocrx_word' id='word_1_337' title='bbox 644 4505 758 4567; x_wconf 76' lang='lat' dir='ltr'>Though</span> <span class='ocrx_word' id='word_1_338' title='bbox 777 4519 841 4566; x_wconf 83' lang='lat' dir='ltr'>very</span> <span class='ocrx_word' id='word_1_339' title='bbox 864 4506 994 4554; x_wconf 81' lang='lat' dir='ltr'>sensitiva</span> <span class='ocrx_word' id='word_1_340' title='bbox 1048 4520 1083 4554; x_wconf 95' lang='lat' dir='ltr'>on</span> <span class='ocrx_word' id='word_1_341' title='bbox 1096 4507 1143 4553; x_wconf 92' lang='lat' dir='ltr'>the</span> <span class='ocrx_word' id='word_1_342' title='bbox 1155 4504 1207 4553; x_wconf 92' lang='lat' dir='ltr'>last</span> <span class='ocrx_word' id='word_1_343' title='bbox 1217 4503 1295 4554; x_wconf 90' lang='lat' dir='ltr'>three</span> <span class='ocrx_word' id='word_1_344' title='bbox 1304 4504 1444 4554; x_wconf 88' lang='lat' dir='ltr'>occasions</span> <span class='ocrx_word' id='word_1_345' title='bbox 1455 4507 1514 4556; x_wconf 86' lang='lat' dir='ltr'>end</span> <span class='ocrx_word' id='word_1_346' title='bbox 1526 4524 1565 4558; x_wconf 91' lang='lat' dir='ltr'>on</span> <span class='ocrx_word' id='word_1_347' title='bbox 1577 4524 1622 4558; x_wconf 83' lang='lat' dir='ltr'>one</span> 
     </span>
     <span class='ocr_line' id='line_1_39' title="bbox 421 4569 1624 4636; baseline -0.001 -11"><span class='ocrx_word' id='word_1_348' title='bbox 421 4576 539 4636; x_wconf 82' lang='lat' dir='ltr'>himself,</span> <span class='ocrx_word' id='word_1_349' title='bbox 553 4574 682 4623; x_wconf 82' lang='lat' dir='ltr'>Erasmus</span> <span class='ocrx_word' id='word_1_350' title='bbox 697 4585 752 4619; x_wconf 90' lang='lat' dir='ltr'>was</span> <span class='ocrx_word' id='word_1_351' title='bbox 766 4570 933 4632; x_wconf 88' lang='lat' dir='ltr'>throughout</span> <span class='ocrx_word' id='word_1_352' title='bbox 950 4570 995 4619; x_wconf 89' lang='lat' dir='ltr'>hia</span> <span class='ocrx_word' id='word_1_353' title='bbox 1047 4571 1145 4620; x_wconf 85' lang='lat' dir='ltr'>earlier</span> <span class='ocrx_word' id='word_1_354' title='bbox 1164 4569 1210 4632; x_wconf 81' lang='lat' dir='ltr'>(cf.</span> <span class='ocrx_word' id='word_1_355' title='bbox 1232 4570 1279 4632; x_wconf 82' lang='lat' dir='ltr'>Ep.</span> <span class='ocrx_word' id='word_1_356' title='bbox 1301 4584 1358 4630; x_wconf 77' lang='lat'><strong>374.</strong></span> <span class='ocrx_word' id='word_1_357' title='bbox 1378 4571 1406 4627; x_wconf 87' lang='lat'>6)</span> <span class='ocrx_word' id='word_1_358' title='bbox 1419 4588 1425 4618; x_wconf 95' lang='lat'><strong>:</strong></span> <span class='ocrx_word' id='word_1_359' title='bbox 1443 4573 1581 4636; x_wconf 86' lang='lat' dir='ltr'>probably</span> <span class='ocrx_word' id='word_1_360' title='bbox 1592 4588 1624 4623; x_wconf 84' lang='lat' dir='ltr'>on</span> 
     </span>
     <span class='ocr_line' id='line_1_40' title="bbox 421 4635 1624 4702; baseline -0.001 -11"><span class='ocrx_word' id='word_1_361' title='bbox 421 4642 470 4691; x_wconf 83' lang='lat' dir='ltr'>lile</span> <span class='ocrx_word' id='word_1_362' title='bbox 481 4639 618 4701; x_wconf 88' lang='lat' dir='ltr'>curicusly</span> <span class='ocrx_word' id='word_1_363' title='bbox 630 4637 808 4687; x_wconf 86' lang='lat' dir='ltr'>unconsoioua</span> <span class='ocrx_word' id='word_1_364' title='bbox 819 4635 906 4685; x_wconf 78' lang='lat' dir='ltr'>ottho</span> <span class='ocrx_word' id='word_1_365' title='bbox 917 4636 995 4685; x_wconf 78' lang='lat' dir='ltr'>effect</span> <span class='ocrx_word' id='word_1_366' title='bbox 1047 4636 1093 4685; x_wconf 92' lang='lat' dir='ltr'>all.</span> <span class='ocrx_word' id='word_1_367' title='bbox 1137 4636 1188 4684; x_wconf 82' lang='lat' dir='ltr'>For</span> <span class='ocrx_word' id='word_1_368' title='bbox 1209 4650 1245 4684; x_wconf 84' lang='lat' dir='ltr'>an</span> <span class='ocrx_word' id='word_1_369' title='bbox 1266 4635 1399 4684; x_wconf 89' lang='lat' dir='ltr'>honoriflc</span> <span class='ocrx_word' id='word_1_370' title='bbox 1417 4640 1563 4702; x_wconf 76' lang='lat' dir='ltr'>receptior</span> <span class='ocrx_word' id='word_1_371' title='bbox 1585 4653 1624 4689; x_wconf 77' lang='lat' dir='ltr'>see</span> 
     </span>
     <span class='ocr_line' id='line_1_41' title="bbox 422 4701 1244 4765; baseline -0.007 -9"><span class='ocrx_word' id='word_1_372' title='bbox 422 4708 484 4756; x_wconf 88' lang='lat' dir='ltr'>that</span> <span class='ocrx_word' id='word_1_373' title='bbox 495 4707 540 4755; x_wconf 89' lang='lat' dir='ltr'>his</span> <span class='ocrx_word' id='word_1_374' title='bbox 553 4720 614 4754; x_wconf 87' lang='lat' dir='ltr'>own</span> <span class='ocrx_word' id='word_1_375' title='bbox 631 4703 721 4765; x_wconf 86' lang='lat' dir='ltr'>biting</span> <span class='ocrx_word' id='word_1_376' title='bbox 736 4701 825 4750; x_wconf 88' lang='lat' dir='ltr'>words</span> <span class='ocrx_word' id='word_1_377' title='bbox 841 4701 920 4750; x_wconf 91' lang='lat' dir='ltr'>could</span> <span class='ocrx_word' id='word_1_378' title='bbox 937 4716 996 4764; x_wconf 84' lang='lat' dir='ltr'>pro</span> <span class='ocrx_word' id='word_1_379' title='bbox 1047 4702 1096 4764; x_wconf 81' lang='lat' dir='ltr'>Ep.</span> <span class='ocrx_word' id='word_1_380' title='bbox 1109 4717 1165 4762; x_wconf 83' lang='lat'>440.</span> <span class='ocrx_word' id='word_1_381' title='bbox 1179 4715 1244 4762; x_wconf 86' lang='lat' dir='ltr'>r4n.</span> 
     </span>
     <span class='ocr_line' id='line_1_42' title="bbox 422 4765 1626 4831; baseline -0.002 -10"><span class='ocrx_word' id='word_1_382' title='bbox 422 4773 535 4821; x_wconf 91' lang='lat' dir='ltr'>duceon</span> <span class='ocrx_word' id='word_1_383' title='bbox 548 4771 647 4820; x_wconf 84' lang='lat' dir='ltr'>others.</span> <span class='ocrx_word' id='word_1_384' title='bbox 1081 4769 1121 4816; x_wconf 71' lang='grc' dir='ltr'>αθ.</span> <span class='ocrx_word' id='word_1_385' title='bbox 1139 4765 1312 4830; x_wconf 80' lang='lat' dir='ltr'>defunctum]</span> <span class='ocrx_word' id='word_1_386' title='bbox 1346 4766 1494 4816; x_wconf 85' lang='lat' dir='ltr'>Doubtless</span> <span class='ocrx_word' id='word_1_387' title='bbox 1529 4770 1626 4831; x_wconf 84' lang='lat' dir='ltr'>during</span> 
     </span>
    </p>

    <p class='ocr_par' dir='ltr' id='par_1_14' title="bbox 423 4831 1629 5096">
     <span class='ocr_line' id='line_1_43' title="bbox 456 4831 1624 4899; baseline 0.001 -15"><span class='ocrx_word' id='word_1_388' title='bbox 456 4853 495 4898; x_wconf 80' lang='lat'>24·</span> <span class='ocrx_word' id='word_1_389' title='bbox 513 4838 567 4886; x_wconf 85' lang='lat' dir='ltr'>iter</span> <span class='ocrx_word' id='word_1_390' title='bbox 578 4834 641 4899; x_wconf 80' lang='lat' dir='ltr'>leci]</span> <span class='ocrx_word' id='word_1_391' title='bbox 659 4836 711 4885; x_wconf 84' lang='lat' dir='ltr'>For</span> <span class='ocrx_word' id='word_1_392' title='bbox 721 4833 856 4883; x_wconf 82' lang='lat' dir='ltr'>Erasmus&#39;</span> <span class='ocrx_word' id='word_1_393' title='bbox 866 4831 996 4894; x_wconf 84' lang='lat' dir='ltr'>journeys</span> <span class='ocrx_word' id='word_1_394' title='bbox 1047 4834 1092 4882; x_wconf 86' lang='lat' dir='ltr'>his</span> <span class='ocrx_word' id='word_1_395' title='bbox 1110 4832 1173 4895; x_wconf 90' lang='lat' dir='ltr'>long</span> <span class='ocrx_word' id='word_1_396' title='bbox 1188 4832 1282 4881; x_wconf 85' lang='lat' dir='ltr'>illness</span> <span class='ocrx_word' id='word_1_397' title='bbox 1292 4834 1321 4880; x_wconf 90' lang='lat' dir='ltr'>at</span> <span class='ocrx_word' id='word_1_398' title='bbox 1338 4831 1464 4881; x_wconf 85' lang='lat' dir='ltr'>Louvain</span> <span class='ocrx_word' id='word_1_399' title='bbox 1477 4834 1508 4883; x_wconf 92' lang='lat' dir='ltr'>in</span> <span class='ocrx_word' id='word_1_400' title='bbox 1521 4836 1624 4899; x_wconf 82' lang='lat' dir='ltr'>Sept—</span> 
     </span>
     <span class='ocr_line' id='line_1_44' title="bbox 423 4897 1531 4961; baseline -0.006 -11"><span class='ocrx_word' id='word_1_401' title='bbox 423 4906 451 4951; x_wconf 93' lang='lat' dir='ltr'>to</span> <span class='ocrx_word' id='word_1_402' title='bbox 463 4901 519 4950; x_wconf 91' lang='lat' dir='ltr'>and</span> <span class='ocrx_word' id='word_1_403' title='bbox 527 4903 597 4950; x_wconf 81' lang='lat' dir='ltr'>from</span> <span class='ocrx_word' id='word_1_404' title='bbox 604 4901 682 4950; x_wconf 81' lang='lat' dir='ltr'>Baelo</span> <span class='ocrx_word' id='word_1_405' title='bbox 692 4915 735 4949; x_wconf 91' lang='lat' dir='ltr'>see</span> <span class='ocrx_word' id='word_1_406' title='bbox 741 4899 788 4948; x_wconf 91' lang='lat' dir='ltr'>the</span> <span class='ocrx_word' id='word_1_407' title='bbox 796 4898 997 4948; x_wconf 81' lang='lat' dir='ltr'>introductione</span> <span class='ocrx_word' id='word_1_408' title='bbox 1048 4899 1106 4949; x_wconf 87' lang='lat' dir='ltr'>Oct.</span> <span class='ocrx_word' id='word_1_409' title='bbox 1122 4900 1202 4960; x_wconf 81' lang='lat'>15183</span> <span class='ocrx_word' id='word_1_410' title='bbox 1220 4912 1264 4946; x_wconf 86' lang='lat' dir='ltr'>see</span> <span class='ocrx_word' id='word_1_411' title='bbox 1275 4897 1323 4958; x_wconf 81' lang='lat' dir='ltr'>Ep.</span> <span class='ocrx_word' id='word_1_412' title='bbox 1336 4898 1392 4957; x_wconf 76' lang='lat'><strong>867.</strong></span> <span class='ocrx_word' id='word_1_413' title='bbox 1409 4909 1458 4959; x_wconf 79' lang='lat'>193</span> <span class='ocrx_word' id='word_1_414' title='bbox 1472 4914 1531 4961; x_wconf 75' lang='lat' dir='ltr'>seq,</span> 
     </span>
     <span class='ocr_line' id='line_1_45' title="bbox 424 4962 1629 5031; baseline -0.006 -1"><span class='ocrx_word' id='word_1_415' title='bbox 424 4971 453 5017; x_wconf 75' lang='lat' dir='ltr'>to</span> <span class='ocrx_word' id='word_1_416' title='bbox 472 4967 539 5030; x_wconf 74' lang='lat' dir='ltr'>Ean·</span> <span class='ocrx_word' id='word_1_417' title='bbox 555 4982 613 5029; x_wconf 74' lang='lat'><strong>301,</strong></span> <span class='ocrx_word' id='word_1_418' title='bbox 630 4980 687 5029; x_wconf 70' lang='lat'>³32,</span> <span class='ocrx_word' id='word_1_419' title='bbox 706 4980 763 5028; x_wconf 76' lang='lat' dir='ltr'>aar,</span> <span class='ocrx_word' id='word_1_420' title='bbox 782 4978 839 5024; x_wconf 77' lang='lat'>410,</span> <span class='ocrx_word' id='word_1_421' title='bbox 857 4964 915 5024; x_wconf 77' lang='lat'>⁸42,</span> <span class='ocrx_word' id='word_1_422' title='bbox 937 4966 995 5026; x_wconf 74' lang='lat'><strong>8⁶7·</strong></span> <span class='ocrx_word' id='word_1_423' title='bbox 1081 4980 1122 5025; x_wconf 77' lang='lat'>40·</span> <span class='ocrx_word' id='word_1_424' title='bbox 1141 4962 1306 5026; x_wconf 64' lang='lat' dir='ltr'>epistolium]</span> <span class='ocrx_word' id='word_1_425' title='bbox 1324 4962 1373 5024; x_wconf 74' lang='lat' dir='ltr'>Er·</span> <span class='ocrx_word' id='word_1_426' title='bbox 1390 4964 1447 5024; x_wconf 76' lang='lat'>³⁶4·</span> <span class='ocrx_word' id='word_1_427' title='bbox 1484 4966 1512 5015; x_wconf 80' lang='lat' dir='ltr'>A</span> <span class='ocrx_word' id='word_1_428' title='bbox 1524 4966 1629 5031; x_wconf 75' lang='lat' dir='ltr'>eopyof</span> 
     </span>
     <span class='ocr_line' id='line_1_46' title="bbox 425 5026 1625 5096; baseline -0.003 -14"><span class='ocrx_word' id='word_1_429' title='bbox 425 5034 468 5084; x_wconf 84' lang='lat' dir='ltr'>lle</span> <span class='ocrx_word' id='word_1_430' title='bbox 481 5032 614 5094; x_wconf 89' lang='lat' dir='ltr'>certainly</span> <span class='ocrx_word' id='word_1_431' title='bbox 631 5032 728 5096; x_wconf 80' lang='lat' dir='ltr'>passed</span> <span class='ocrx_word' id='word_1_432' title='bbox 747 5029 864 5092; x_wconf 84' lang='lat' dir='ltr'>through</span> <span class='ocrx_word' id='word_1_433' title='bbox 879 5029 996 5093; x_wconf 76' lang='lat' dir='ltr'>colegno</span> <span class='ocrx_word' id='word_1_434' title='bbox 1048 5031 1096 5079; x_wconf 87' lang='lat' dir='ltr'>the</span> <span class='ocrx_word' id='word_1_435' title='bbox 1106 5030 1137 5080; x_wconf 85' lang='lat' dir='ltr'>N.</span> <span class='ocrx_word' id='word_1_436' title='bbox 1144 5030 1215 5079; x_wconf 82' lang='lat' dir='ltr'>Test.</span> <span class='ocrx_word' id='word_1_437' title='bbox 1227 5027 1341 5077; x_wconf 88' lang='lat' dir='ltr'>reached</span> <span class='ocrx_word' id='word_1_438' title='bbox 1350 5026 1463 5079; x_wconf 80' lang='lat' dir='ltr'>Slechta</span> <span class='ocrx_word' id='word_1_439' title='bbox 1471 5030 1508 5094; x_wconf 90' lang='lat' dir='ltr'>by</span> <span class='ocrx_word' id='word_1_440' title='bbox 1516 5046 1549 5095; x_wconf 85' lang='lat'>14</span> <span class='ocrx_word' id='word_1_441' title='bbox 1559 5034 1625 5095; x_wconf 72' lang='lat' dir='ltr'>May.</span> 
     </span>
    </p>
   </div>
   <div class='ocr_carea' id='block_1_7' title="bbox 0 0 1964 6034">
    <p class='ocr_par' dir='ltr' id='par_1_15' title="bbox 0 0 1964 6034">
     <span class='ocr_line' id='line_1_47' title="bbox 0 0 1964 6034; baseline 0 0"><span class='ocrx_word' id='word_1_442' title='bbox 0 0 1964 6034; x_wconf 95' lang='lat' dir='ltr'> </span> 
     </span>
    </p>
   </div>
  </div>
 </body>
</html>
