<?xml version="1.0" encoding="UTF-8"?>
<!DOCTYPE html PUBLIC "-//W3C//DTD XHTML 1.0 Transitional//EN"
    "http://www.w3.org/TR/xhtml1/DTD/xhtml1-transitional.dtd">
<html xmlns="http://www.w3.org/1999/xhtml" xml:lang="en" lang="en">
 <head>
  <title>
</title>
<meta http-equiv="Content-Type" content="text/html;charset=utf-8" />
  <meta name='ocr-system' content='tesseract 3.04.00' />
  <meta name='ocr-capabilities' content='ocr_page ocr_carea ocr_par ocr_line ocrx_word'/>
</head>
<body>
  <div class='ocr_page' id='page_1' title='image "./opusepistolarum03garrgoog_0105.png"; bbox 0 0 3867 6034; ppageno 0'>
   <div class='ocr_carea' id='block_1_1' title="bbox 343 688 1596 2277">
    <p class='ocr_par' dir='ltr' id='par_1_1' title="bbox 343 688 1593 1688">
     <span class='ocr_line' id='line_1_1' title="bbox 344 688 1544 773; baseline 0.001 -22"><span class='ocrx_word' id='word_1_1' title='bbox 344 688 421 773; x_wconf 75' lang='grc'><strong>645]</strong></span> <span class='ocrx_word' id='word_1_2' title='bbox 641 691 695 753; x_wconf 82' lang='grc' dir='ltr'><strong>ΤΟ</strong></span> <span class='ocrx_word' id='word_1_3' title='bbox 722 691 899 754; x_wconf 80' lang='lat' dir='ltr'>GERARD</span> <span class='ocrx_word' id='word_1_4' title='bbox 927 691 1254 755; x_wconf 77' lang='lat' dir='ltr'><strong>GELDENHAUER</strong></span> <span class='ocrx_word' id='word_1_5' title='bbox 1504 692 1544 752; x_wconf 85' lang='grc'><strong>67</strong></span> 
     </span>
     <span class='ocr_line' id='line_1_2' title="bbox 343 821 1543 902; baseline -0.004 -15"><span class='ocrx_word' id='word_1_6' title='bbox 343 828 381 887; x_wconf 81' lang='lat' dir='ltr'><strong>vt</strong></span> <span class='ocrx_word' id='word_1_7' title='bbox 402 824 589 887; x_wconf 74' lang='lat' dir='ltr'><strong>summatim</strong></span> <span class='ocrx_word' id='word_1_8' title='bbox 614 824 724 900; x_wconf 82' lang='lat' dir='ltr'><strong>dinam,</strong></span> <span class='ocrx_word' id='word_1_9' title='bbox 750 823 914 902; x_wconf 79' lang='lat' dir='ltr'><strong>ingenium</strong></span> <span class='ocrx_word' id='word_1_10' title='bbox 938 824 978 885; x_wconf 86' lang='lat' dir='ltr'><strong>ab</strong></span> <span class='ocrx_word' id='word_1_11' title='bbox 1002 824 1090 885; x_wconf 91' lang='lat' dir='ltr'><strong>omni</strong></span> <span class='ocrx_word' id='word_1_12' title='bbox 1113 824 1281 902; x_wconf 74' lang='lat' dir='ltr'><strong>tyrannide</strong></span> <span class='ocrx_word' id='word_1_13' title='bbox 1301 821 1543 885; x_wconf 84' lang='lat' dir='ltr'><strong>alienissimum.</strong></span> 
     </span>
     <span class='ocr_line' id='line_1_3' title="bbox 343 920 1591 1001; baseline -0.002 -17"><span class='ocrx_word' id='word_1_14' title='bbox 343 925 453 1001; x_wconf 79' lang='lat' dir='ltr'><strong>Auget</strong></span> <span class='ocrx_word' id='word_1_15' title='bbox 475 922 557 984; x_wconf 90' lang='lat' dir='ltr'><strong>hano</strong></span> <span class='ocrx_word' id='word_1_16' title='bbox 580 942 670 1001; x_wconf 90' lang='lat' dir='ltr'><strong>spem</strong></span> <span class='ocrx_word' id='word_1_17' title='bbox 697 922 801 984; x_wconf 87' lang='lat' dir='ltr'><strong>Dauid</strong></span> <span class='ocrx_word' id='word_1_18' title='bbox 821 922 876 984; x_wconf 91' lang='lat' dir='ltr'><strong>ille</strong></span> <span class='ocrx_word' id='word_1_19' title='bbox 895 942 1030 1000; x_wconf 88' lang='lat' dir='ltr'><strong>maguus</strong></span> <span class='ocrx_word' id='word_1_20' title='bbox 1053 922 1149 984; x_wconf 87' lang='lat' dir='ltr'><strong>huius</strong></span> <span class='ocrx_word' id='word_1_21' title='bbox 1170 941 1349 1000; x_wconf 84' lang='lat' dir='ltr'><strong>germanus,</strong></span> <span class='ocrx_word' id='word_1_22' title='bbox 1371 920 1422 982; x_wconf 81' lang='lat' dir='ltr'><strong>vir</strong></span> <span class='ocrx_word' id='word_1_23' title='bbox 1442 920 1546 982; x_wconf 89' lang='lat' dir='ltr'><strong>modis</strong></span> <span class='ocrx_word' id='word_1_24' title='bbox 1561 935 1591 970; x_wconf 84' lang='lat'><strong>²0</strong></span> 
     </span>
     <span class='ocr_line' id='line_1_4' title="bbox 344 1018 1547 1098; baseline -0.003 -15"><span class='ocrx_word' id='word_1_25' title='bbox 344 1020 496 1083; x_wconf 86' lang='lat' dir='ltr'><strong>omnibus</strong></span> <span class='ocrx_word' id='word_1_26' title='bbox 516 1020 598 1098; x_wconf 83' lang='lat' dir='ltr'><strong>patri</strong></span> <span class='ocrx_word' id='word_1_27' title='bbox 618 1019 783 1096; x_wconf 82' lang='lat' dir='ltr'><strong>adsimilis,</strong></span> <span class='ocrx_word' id='word_1_28' title='bbox 806 1019 862 1082; x_wconf 87' lang='lat' dir='ltr'><strong>sed</strong></span> <span class='ocrx_word' id='word_1_29' title='bbox 885 1019 944 1081; x_wconf 88' lang='lat' dir='ltr'><strong>hoo</strong></span> <span class='ocrx_word' id='word_1_30' title='bbox 965 1020 1130 1098; x_wconf 77' lang='lat' dir='ltr'><strong>praecipue</strong></span> <span class='ocrx_word' id='word_1_31' title='bbox 1152 1019 1378 1098; x_wconf 79' lang='lat' dir='ltr'><strong>suspiciendus,</strong></span> <span class='ocrx_word' id='word_1_32' title='bbox 1403 1018 1485 1097; x_wconf 89' lang='lat' dir='ltr'><strong>quod</strong></span> <span class='ocrx_word' id='word_1_33' title='bbox 1511 1021 1547 1079; x_wconf 89' lang='lat' dir='ltr'><strong>vt</strong></span> 
     </span>
     <span class='ocr_line' id='line_1_5' title="bbox 344 1115 1546 1198; baseline -0.002 -19"><span class='ocrx_word' id='word_1_34' title='bbox 344 1121 413 1198; x_wconf 88' lang='lat' dir='ltr'><strong>ipse</strong></span> <span class='ocrx_word' id='word_1_35' title='bbox 435 1121 504 1179; x_wconf 84' lang='lat' dir='ltr'><strong>erat</strong></span> <span class='ocrx_word' id='word_1_36' title='bbox 525 1117 767 1194; x_wconf 86' lang='lat' dir='ltr'><strong>eruditissimus,</strong></span> <span class='ocrx_word' id='word_1_37' title='bbox 792 1118 838 1179; x_wconf 88' lang='lat' dir='ltr'><strong>ita</strong></span> <span class='ocrx_word' id='word_1_38' title='bbox 863 1138 990 1180; x_wconf 87' lang='lat' dir='ltr'><strong>summo</strong></span> <span class='ocrx_word' id='word_1_39' title='bbox 1014 1118 1120 1179; x_wconf 84' lang='lat' dir='ltr'><strong>studio</strong></span> <span class='ocrx_word' id='word_1_40' title='bbox 1143 1119 1342 1181; x_wconf 73' lang='lat' dir='ltr'><strong>adnitebatur</strong></span> <span class='ocrx_word' id='word_1_41' title='bbox 1366 1137 1405 1178; x_wconf 91' lang='lat' dir='ltr'><strong>ne</strong></span> <span class='ocrx_word' id='word_1_42' title='bbox 1428 1115 1546 1194; x_wconf 84' lang='lat' dir='ltr'><strong>passim</strong></span> 
     </span>
     <span class='ocr_line' id='line_1_6' title="bbox 345 1213 1548 1296; baseline -0.004 -18"><span class='ocrx_word' id='word_1_43' title='bbox 345 1217 441 1278; x_wconf 90' lang='lat' dir='ltr'><strong>rudes</strong></span> <span class='ocrx_word' id='word_1_44' title='bbox 463 1219 496 1277; x_wconf 85' lang='lat' dir='ltr'><strong>et</strong></span> <span class='ocrx_word' id='word_1_45' title='bbox 518 1215 637 1278; x_wconf 88' lang='lat' dir='ltr'><strong>indooti</strong></span> <span class='ocrx_word' id='word_1_46' title='bbox 661 1215 697 1277; x_wconf 88' lang='lat' dir='ltr'><strong>in</strong></span> <span class='ocrx_word' id='word_1_47' title='bbox 720 1217 797 1278; x_wconf 88' lang='lat' dir='ltr'><strong>oleri</strong></span> <span class='ocrx_word' id='word_1_48' title='bbox 821 1235 946 1295; x_wconf 86' lang='lat' dir='ltr'><strong>gregem</strong></span> <span class='ocrx_word' id='word_1_49' title='bbox 971 1216 1167 1295; x_wconf 80' lang='lat' dir='ltr'><strong>irreperent3</strong></span> <span class='ocrx_word' id='word_1_50' title='bbox 1198 1217 1279 1296; x_wconf 89' lang='lat' dir='ltr'><strong>quod</strong></span> <span class='ocrx_word' id='word_1_51' title='bbox 1304 1217 1455 1278; x_wconf 87' lang='lat' dir='ltr'><strong>haetenus</strong></span> <span class='ocrx_word' id='word_1_52' title='bbox 1478 1213 1548 1274; x_wconf 88' lang='lat' dir='ltr'><strong>fieri</strong></span> 
     </span>
     <span class='ocr_line' id='line_1_7' title="bbox 344 1313 1548 1393; baseline -0.002 -18"><span class='ocrx_word' id='word_1_53' title='bbox 344 1314 501 1376; x_wconf 82' lang='lat' dir='ltr'><strong>videmus.</strong></span> <span class='ocrx_word' id='word_1_54' title='bbox 546 1313 651 1393; x_wconf 83' lang='lat' dir='ltr'><strong>Igitur</strong></span> <span class='ocrx_word' id='word_1_55' title='bbox 672 1314 707 1375; x_wconf 93' lang='lat' dir='ltr'><strong>in</strong></span> <span class='ocrx_word' id='word_1_56' title='bbox 727 1334 817 1392; x_wconf 92' lang='lat' dir='ltr'><strong>spem</strong></span> <span class='ocrx_word' id='word_1_57' title='bbox 836 1315 930 1377; x_wconf 89' lang='lat' dir='ltr'><strong>venio</strong></span> <span class='ocrx_word' id='word_1_58' title='bbox 949 1314 1016 1376; x_wconf 81' lang='lat' dir='ltr'><strong>fore</strong></span> <span class='ocrx_word' id='word_1_59' title='bbox 1035 1319 1072 1377; x_wconf 85' lang='lat' dir='ltr'><strong>vt</strong></span> <span class='ocrx_word' id='word_1_60' title='bbox 1092 1316 1143 1376; x_wconf 90' lang='lat' dir='ltr'><strong>hio</strong></span> <span class='ocrx_word' id='word_1_61' title='bbox 1164 1336 1247 1377; x_wconf 77' lang='lat' dir='ltr'><strong>unus</strong></span> <span class='ocrx_word' id='word_1_62' title='bbox 1269 1318 1301 1377; x_wconf 95' lang='lat' dir='ltr'><strong>et</strong></span> <span class='ocrx_word' id='word_1_63' title='bbox 1322 1314 1477 1393; x_wconf 89' lang='lat' dir='ltr'><strong>optimum</strong></span> <span class='ocrx_word' id='word_1_64' title='bbox 1499 1332 1548 1391; x_wconf 82' lang='lat' dir='ltr'><strong>pe·</strong></span> 
     </span>
     <span class='ocr_line' id='line_1_8' title="bbox 346 1411 1593 1491; baseline -0.001 -16"><span class='ocrx_word' id='word_1_65' title='bbox 346 1417 472 1475; x_wconf 84' lang='lat' dir='ltr'><strong>rentem</strong></span> <span class='ocrx_word' id='word_1_66' title='bbox 485 1411 568 1473; x_wconf 83' lang='lat' dir='ltr'><strong>vnde</strong></span> <span class='ocrx_word' id='word_1_67' title='bbox 581 1416 676 1474; x_wconf 89' lang='lat' dir='ltr'><strong>natus</strong></span> <span class='ocrx_word' id='word_1_68' title='bbox 688 1415 745 1487; x_wconf 85' lang='lat' dir='ltr'><strong>est,</strong></span> <span class='ocrx_word' id='word_1_69' title='bbox 759 1419 792 1474; x_wconf 90' lang='lat' dir='ltr'><strong>et</strong></span> <span class='ocrx_word' id='word_1_70' title='bbox 805 1413 963 1491; x_wconf 91' lang='lat' dir='ltr'><strong>optimum</strong></span> <span class='ocrx_word' id='word_1_71' title='bbox 976 1413 1106 1475; x_wconf 87' lang='lat' dir='ltr'><strong>fratrem</strong></span> <span class='ocrx_word' id='word_1_72' title='bbox 1120 1414 1172 1475; x_wconf 87' lang='lat' dir='ltr'><strong>oui</strong></span> <span class='ocrx_word' id='word_1_73' title='bbox 1188 1414 1343 1489; x_wconf 87' lang='lat' dir='ltr'><strong>suooeeeit‚</strong></span> <span class='ocrx_word' id='word_1_74' title='bbox 1356 1432 1420 1473; x_wconf 92' lang='lat' dir='ltr'><strong>non</strong></span> <span class='ocrx_word' id='word_1_75' title='bbox 1435 1411 1549 1472; x_wconf 84' lang='lat' dir='ltr'><strong>referet</strong></span> <span class='ocrx_word' id='word_1_76' title='bbox 1563 1424 1593 1474; x_wconf 82' lang='lat'><strong>²5</strong></span> 
     </span>
     <span class='ocr_line' id='line_1_9' title="bbox 346 1509 1549 1590; baseline -0.001 -18"><span class='ocrx_word' id='word_1_77' title='bbox 346 1512 442 1573; x_wconf 91' lang='lat' dir='ltr'><strong>modo</strong></span> <span class='ocrx_word' id='word_1_78' title='bbox 451 1530 564 1574; x_wconf 81' lang='lat' dir='ltr'><strong>uerum</strong></span> <span class='ocrx_word' id='word_1_79' title='bbox 573 1511 670 1572; x_wconf 89' lang='lat' dir='ltr'><strong>etiam</strong></span> <span class='ocrx_word' id='word_1_80' title='bbox 679 1516 812 1589; x_wconf 83' lang='lat' dir='ltr'><strong>superet,</strong></span> <span class='ocrx_word' id='word_1_81' title='bbox 824 1512 946 1590; x_wconf 88' lang='lat' dir='ltr'><strong>tibique</strong></span> <span class='ocrx_word' id='word_1_82' title='bbox 956 1511 1148 1573; x_wconf 79' lang='lat' dir='ltr'><strong>uberrimam</strong></span> <span class='ocrx_word' id='word_1_83' title='bbox 1159 1512 1372 1573; x_wconf 91' lang='lat' dir='ltr'><strong>enoomiorum</strong></span> <span class='ocrx_word' id='word_1_84' title='bbox 1383 1509 1549 1571; x_wconf 83' lang='lat' dir='ltr'><strong>materiem</strong></span> 
     </span>
     <span class='ocr_line' id='line_1_10' title="bbox 345 1610 537 1688; baseline 0 -17"><span class='ocrx_word' id='word_1_85' title='bbox 345 1610 537 1688; x_wconf 75' lang='lat' dir='ltr'><strong>suppeditet</strong></span> 
     </span>
    </p>

    <p class='ocr_par' dir='ltr' id='par_1_2' title="bbox 347 1704 1596 2177">
     <span class='ocr_line' id='line_1_11' title="bbox 386 1704 1551 1786; baseline -0.004 -17"><span class='ocrx_word' id='word_1_86' title='bbox 386 1710 498 1786; x_wconf 79' lang='lat' dir='ltr'><strong>Atque</strong></span> <span class='ocrx_word' id='word_1_87' title='bbox 514 1711 551 1769; x_wconf 85' lang='lat' dir='ltr'><strong>vt</strong></span> <span class='ocrx_word' id='word_1_88' title='bbox 570 1708 628 1767; x_wconf 85' lang='lat' dir='ltr'><strong>hae</strong></span> <span class='ocrx_word' id='word_1_89' title='bbox 647 1707 682 1769; x_wconf 90' lang='lat' dir='ltr'><strong>in</strong></span> <span class='ocrx_word' id='word_1_90' title='bbox 703 1728 736 1768; x_wconf 91' lang='lat' dir='ltr'><strong>re</strong></span> <span class='ocrx_word' id='word_1_91' title='bbox 755 1726 806 1769; x_wconf 90' lang='lat' dir='ltr'><strong>me</strong></span> <span class='ocrx_word' id='word_1_92' title='bbox 823 1707 881 1769; x_wconf 90' lang='lat' dir='ltr'><strong>tibi</strong></span> <span class='ocrx_word' id='word_1_93' title='bbox 898 1708 1033 1770; x_wconf 85' lang='lat' dir='ltr'><strong>riualem</strong></span> <span class='ocrx_word' id='word_1_94' title='bbox 1050 1708 1218 1786; x_wconf 87' lang='lat' dir='ltr'><strong>intelligas,</strong></span> <span class='ocrx_word' id='word_1_95' title='bbox 1238 1706 1439 1768; x_wconf 85' lang='lat' dir='ltr'><strong>iamdudum</strong></span> <span class='ocrx_word' id='word_1_96' title='bbox 1459 1704 1551 1765; x_wconf 86' lang='lat' dir='ltr'><strong>Peoie</strong></span> 
     </span>
     <span class='ocr_line' id='line_1_12' title="bbox 347 1804 1551 1885; baseline -0.004 -18"><span class='ocrx_word' id='word_1_97' title='bbox 347 1805 581 1885; x_wconf 82' lang='lat' dir='ltr'><strong>querimoniam</strong></span> <span class='ocrx_word' id='word_1_98' title='bbox 594 1805 644 1866; x_wconf 92' lang='lat' dir='ltr'><strong>illi</strong></span> <span class='ocrx_word' id='word_1_99' title='bbox 657 1805 841 1882; x_wconf 86' lang='lat' dir='ltr'><strong>dioauimus,</strong></span> <span class='ocrx_word' id='word_1_100' title='bbox 857 1808 958 1867; x_wconf 87' lang='lat' dir='ltr'><strong>nostri</strong></span> <span class='ocrx_word' id='word_1_101' title='bbox 972 1807 1007 1867; x_wconf 93' lang='lat' dir='ltr'><strong>in</strong></span> <span class='ocrx_word' id='word_1_102' title='bbox 1023 1806 1117 1868; x_wconf 88' lang='lat' dir='ltr'><strong>illum</strong></span> <span class='ocrx_word' id='word_1_103' title='bbox 1133 1806 1230 1868; x_wconf 85' lang='lat' dir='ltr'><strong>studii</strong></span> <span class='ocrx_word' id='word_1_104' title='bbox 1248 1806 1412 1884; x_wconf 82' lang='lat' dir='ltr'><strong>primitiae.</strong></span> <span class='ocrx_word' id='word_1_105' title='bbox 1453 1804 1551 1863; x_wconf 83' lang='lat' dir='ltr'><strong>Exeu-</strong></span> 
     </span>
     <span class='ocr_line' id='line_1_13' title="bbox 348 1903 1596 1980; baseline -0.001 -14"><span class='ocrx_word' id='word_1_106' title='bbox 348 1904 437 1966; x_wconf 92' lang='lat' dir='ltr'><strong>ditur</strong></span> <span class='ocrx_word' id='word_1_107' title='bbox 458 1904 600 1965; x_wconf 87' lang='lat' dir='ltr'><strong>Basileae</strong></span> <span class='ocrx_word' id='word_1_108' title='bbox 619 1903 756 1980; x_wconf 87' lang='lat' dir='ltr'><strong>libellus,</strong></span> <span class='ocrx_word' id='word_1_109' title='bbox 778 1903 869 1965; x_wconf 91' lang='lat' dir='ltr'><strong>breui</strong></span> <span class='ocrx_word' id='word_1_110' title='bbox 893 1903 975 1966; x_wconf 87' lang='lat' dir='ltr'><strong>istuc</strong></span> <span class='ocrx_word' id='word_1_111' title='bbox 995 1904 1107 1966; x_wconf 79' lang='lat' dir='ltr'><strong>iturus</strong></span> <span class='ocrx_word' id='word_1_112' title='bbox 1159 1905 1261 1980; x_wconf 79' lang='lat' dir='ltr'><strong>Quem</strong></span> <span class='ocrx_word' id='word_1_113' title='bbox 1286 1903 1314 1964; x_wconf 89' lang='lat' dir='ltr'><strong>si</strong></span> <span class='ocrx_word' id='word_1_114' title='bbox 1336 1921 1461 1965; x_wconf 84' lang='lat' dir='ltr'><strong>sensero</strong></span> <span class='ocrx_word' id='word_1_115' title='bbox 1486 1919 1550 1961; x_wconf 93' lang='lat' dir='ltr'><strong>non</strong></span> <span class='ocrx_word' id='word_1_116' title='bbox 1565 1914 1596 1965; x_wconf 78' lang='lat'><strong>30</strong></span> 
     </span>
     <span class='ocr_line' id='line_1_14' title="bbox 348 1999 1551 2081; baseline -0.002 -19"><span class='ocrx_word' id='word_1_117' title='bbox 348 2002 554 2081; x_wconf 74' lang='lat' dir='ltr'><strong>displicuisse,</strong></span> <span class='ocrx_word' id='word_1_118' title='bbox 576 2001 715 2063; x_wconf 73' lang='lat' dir='ltr'><strong>fortassis</strong></span> <span class='ocrx_word' id='word_1_119' title='bbox 735 2002 837 2063; x_wconf 90' lang='lat' dir='ltr'><strong>maius</strong></span> <span class='ocrx_word' id='word_1_120' title='bbox 856 2002 977 2081; x_wconf 85' lang='lat' dir='ltr'><strong>aliquid</strong></span> <span class='ocrx_word' id='word_1_121' title='bbox 998 2003 1171 2064; x_wconf 87' lang='lat' dir='ltr'><strong>audebitur.</strong></span> <span class='ocrx_word' id='word_1_122' title='bbox 1225 2002 1312 2063; x_wconf 92' lang='lat' dir='ltr'><strong>Bene</strong></span> <span class='ocrx_word' id='word_1_123' title='bbox 1331 2001 1408 2077; x_wconf 79' lang='lat' dir='ltr'><strong>vale,</strong></span> <span class='ocrx_word' id='word_1_124' title='bbox 1432 1999 1551 2079; x_wconf 90' lang='lat' dir='ltr'><strong>optime</strong></span> 
     </span>
     <span class='ocr_line' id='line_1_15' title="bbox 350 2098 1480 2177; baseline -0.004 -15"><span class='ocrx_word' id='word_1_125' title='bbox 350 2100 498 2174; x_wconf 77' lang='lat' dir='ltr'><strong>Ger-arde,</strong></span> <span class='ocrx_word' id='word_1_126' title='bbox 514 2117 633 2177; x_wconf 88' lang='lat' dir='ltr'><strong>nosque</strong></span> <span class='ocrx_word' id='word_1_127' title='bbox 646 2098 819 2161; x_wconf 84' lang='lat' dir='ltr'><strong>clarissimo</strong></span> <span class='ocrx_word' id='word_1_128' title='bbox 831 2099 977 2162; x_wconf 87' lang='lat' dir='ltr'><strong>Praeeuli</strong></span> <span class='ocrx_word' id='word_1_129' title='bbox 990 2101 1117 2163; x_wconf 85' lang='lat' dir='ltr'><strong>esedulo</strong></span> <span class='ocrx_word' id='word_1_130' title='bbox 1130 2100 1366 2162; x_wconf 87' lang='lat' dir='ltr'><strong>oommeudatos</strong></span> <span class='ocrx_word' id='word_1_131' title='bbox 1379 2099 1480 2159; x_wconf 81' lang='lat' dir='ltr'><strong>incito.</strong></span> 
     </span>
    </p>

    <p class='ocr_par' dir='ltr' id='par_1_3' title="bbox 389 2197 1304 2277">
     <span class='ocr_line' id='line_1_16' title="bbox 389 2197 1304 2277; baseline 0 -17"><span class='ocrx_word' id='word_1_132' title='bbox 389 2197 533 2260; x_wconf 84' lang='lat' dir='ltr'><strong>Louanii.</strong></span> <span class='ocrx_word' id='word_1_133' title='bbox 550 2199 645 2258; x_wconf 79' lang='lat' dir='ltr'><strong>Anno</strong></span> <span class='ocrx_word' id='word_1_134' title='bbox 659 2216 811 2259; x_wconf 79' lang='lat' dir='ltr'><strong>rnnxvn.</strong></span> <span class='ocrx_word' id='word_1_135' title='bbox 827 2198 927 2276; x_wconf 89' lang='lat' dir='ltr'><strong>pridie</strong></span> <span class='ocrx_word' id='word_1_136' title='bbox 941 2199 1087 2261; x_wconf 83' lang='lat' dir='ltr'><strong>calendas</strong></span> <span class='ocrx_word' id='word_1_137' title='bbox 1101 2198 1304 2277; x_wconf 85' lang='lat' dir='ltr'><strong>Septembris.</strong></span> 
     </span>
    </p>
   </div>
   <div class='ocr_carea' id='block_1_2' title="bbox 688 2408 1219 2476">
    <p class='ocr_par' dir='ltr' id='par_1_4' title="bbox 688 2408 1219 2476">
     <span class='ocr_line' id='line_1_17' title="bbox 688 2408 1219 2476; baseline 0.008 -4"><span class='ocrx_word' id='word_1_138' title='bbox 688 2410 762 2473; x_wconf 82' lang='grc'><strong>646.</strong></span> <span class='ocrx_word' id='word_1_139' title='bbox 807 2408 856 2472; x_wconf 85' lang='lat' dir='ltr'><strong>To</strong></span> <span class='ocrx_word' id='word_1_140' title='bbox 880 2411 1020 2474; x_wconf 75' lang='lat' dir='ltr'><strong>Annnn</strong></span> <span class='ocrx_word' id='word_1_141' title='bbox 1042 2410 1219 2476; x_wconf 72' lang='lat' dir='ltr'><strong>Bnnmrrn.</strong></span> 
     </span>
    </p>
   </div>
   <div class='ocr_carea' id='block_1_3' title="bbox 386 2558 1517 2720">
    <p class='ocr_par' dir='ltr' id='par_1_5' title="bbox 386 2558 1517 2720">
     <span class='ocr_line' id='line_1_18' title="bbox 386 2558 1517 2720; baseline -0.003 -100"><span class='ocrx_word' id='word_1_142' title='bbox 386 2562 534 2636; x_wconf 81' lang='lat' dir='ltr'><strong>Epistulae</strong></span> <span class='ocrx_word' id='word_1_143' title='bbox 546 2559 669 2618; x_wconf 81' lang='lat' dir='ltr'><strong>selectae</strong></span> <span class='ocrx_word' id='word_1_144' title='bbox 681 2560 787 2632; x_wconf 78' lang='lat'>(1520),</span> <span class='ocrx_word' id='word_1_145' title='bbox 800 2560 834 2616; x_wconf 71' lang='lat' dir='ltr'><strong>d‘.</strong></span> <span class='ocrx_word' id='word_1_146' title='bbox 846 2561 877 2615; x_wconf 78' lang='lat' dir='ltr'><strong>M</strong></span> <span class='ocrx_word' id='word_1_147' title='bbox 891 2568 930 2619; x_wconf 63' lang='grc' dir='ltr'><strong>νο.</strong></span> <span class='ocrx_word' id='word_1_148' title='bbox 1347 2558 1517 2720; x_wconf 55' lang='lat' dir='ltr'><strong>({.ourain).)</strong></span> 
     </span>
     <span class='ocr_line' id='line_1_19' title="bbox 1387 2651 1478 2719; baseline 0 -14"><span class='ocrx_word' id='word_1_149' title='bbox 1387 2651 1478 2719; x_wconf 79' lang='lat'>1517?</span> 
     </span>
    </p>
   </div>
   <div class='ocr_carea' id='block_1_4' title="bbox 352 2768 1559 3553">
    <p class='ocr_par' dir='ltr' id='par_1_6' title="bbox 352 2768 1559 3422">
     <span class='ocr_line' id='line_1_20' title="bbox 387 2768 1556 2849; baseline -0.003 -29"><span class='ocrx_word' id='word_1_150' title='bbox 387 2772 467 2849; x_wconf 64' lang='lat' dir='ltr'><strong>[Thia</strong></span> <span class='ocrx_word' id='word_1_151' title='bbox 482 2771 565 2820; x_wconf 86' lang='lat' dir='ltr'><strong>letter</strong></span> <span class='ocrx_word' id='word_1_152' title='bbox 578 2772 602 2818; x_wconf 91' lang='lat' dir='ltr'><strong>is</strong></span> <span class='ocrx_word' id='word_1_153' title='bbox 618 2768 704 2819; x_wconf 73' lang='lat' dir='ltr'><strong>found</strong></span> <span class='ocrx_word' id='word_1_154' title='bbox 721 2769 787 2831; x_wconf 74' lang='lat' dir='ltr'><strong>only</strong></span> <span class='ocrx_word' id='word_1_155' title='bbox 803 2770 834 2817; x_wconf 89' lang='lat' dir='ltr'><strong>in</strong></span> <span class='ocrx_word' id='word_1_156' title='bbox 851 2768 994 2819; x_wconf 84' lang='lat' dir='ltr'><strong>Barland’s</strong></span> <span class='ocrx_word' id='word_1_157' title='bbox 1009 2769 1117 2819; x_wconf 85' lang='lat' dir='ltr'><strong>volume</strong></span> <span class='ocrx_word' id='word_1_158' title='bbox 1134 2768 1274 2819; x_wconf 74' lang='lat' dir='ltr'><strong>described</strong></span> <span class='ocrx_word' id='word_1_159' title='bbox 1291 2771 1322 2820; x_wconf 91' lang='lat' dir='ltr'><strong>in</strong></span> <span class='ocrx_word' id='word_1_160' title='bbox 1338 2771 1408 2833; x_wconf 73' lang='lat' dir='ltr'><strong>App.</strong></span> <span class='ocrx_word' id='word_1_161' title='bbox 1427 2785 1465 2819; x_wconf 80' lang='lat' dir='ltr'><strong>ra.</strong></span> <span class='ocrx_word' id='word_1_162' title='bbox 1499 2770 1556 2849; x_wconf 82' lang='lat' dir='ltr'><strong>&#39;l&#39;he</strong></span> 
     </span>
     <span class='ocr_line' id='line_1_21' title="bbox 352 2834 1559 2964; baseline -0.004 -10"><span class='ocrx_word' id='word_1_163' title='bbox 352 2834 1437 2964; x_wconf 49' lang='lat' dir='ltr'><strong>tetfrnzhtztsstfftttdeittthbitetten&amp;</strong></span> <span class='ocrx_word' id='word_1_164' title='bbox 1444 2839 1559 2951; x_wconf 61' lang='lat' dir='ltr'><strong>iili}</strong></span> 
     </span>
     <span class='ocr_line' id='line_1_22' title="bbox 353 2965 1556 3029; baseline -0.006 -8"><span class='ocrx_word' id='word_1_165' title='bbox 353 2967 501 3021; x_wconf 79' lang='lat' dir='ltr'><strong>Barlaud’s</strong></span> <span class='ocrx_word' id='word_1_166' title='bbox 509 2970 658 3027; x_wconf 61' lang='lat' dir='ltr'><strong>Amfionem</strong></span> <span class='ocrx_word' id='word_1_167' title='bbox 669 2969 782 3027; x_wconf 72' lang='lat' dir='ltr'><strong>sptem,</strong></span> <span class='ocrx_word' id='word_1_168' title='bbox 795 2966 924 3027; x_wconf 65' lang='lat' dir='ltr'><strong>Iiouvaim</strong></span> <span class='ocrx_word' id='word_1_169' title='bbox 937 2966 985 3015; x_wconf 83' lang='lat' dir='ltr'><strong>Th.</strong></span> <span class='ocrx_word' id='word_1_170' title='bbox 1000 2966 1127 3029; x_wconf 77' lang='lat' dir='ltr'><strong>Martens,</strong></span> <span class='ocrx_word' id='word_1_171' title='bbox 1136 2968 1209 3016; x_wconf 85' lang='lat' dir='ltr'><strong>June</strong></span> <span class='ocrx_word' id='word_1_172' title='bbox 1223 2981 1284 3029; x_wconf 83' lang='lat'>1521</span> <span class='ocrx_word' id='word_1_173' title='bbox 1297 2968 1352 3026; x_wconf 85' lang='lat' dir='ltr'><strong>(see</strong></span> <span class='ocrx_word' id='word_1_174' title='bbox 1364 2967 1465 3028; x_wconf 58' lang='lat' dir='ltr'><strong>Bura).</strong></span> <span class='ocrx_word' id='word_1_175' title='bbox 1499 2965 1556 3015; x_wconf 78' lang='lat' dir='ltr'><strong>The</strong></span> 
     </span>
     <span class='ocr_line' id='line_1_23' title="bbox 352 3030 1556 3096; baseline -0.002 -13"><span class='ocrx_word' id='word_1_176' title='bbox 352 3031 487 3087; x_wconf 61' lang='lat' dir='ltr'><strong>cardinal</strong></span> <span class='ocrx_word' id='word_1_177' title='bbox 503 3030 661 3081; x_wconf 85' lang='lat' dir='ltr'><strong>mentioned</strong></span> <span class='ocrx_word' id='word_1_178' title='bbox 678 3033 703 3081; x_wconf 88' lang='lat' dir='ltr'><strong>ie</strong></span> <span class='ocrx_word' id='word_1_179' title='bbox 718 3031 892 3094; x_wconf 78' lang='lat' dir='ltr'><strong>presumably</strong></span> <span class='ocrx_word' id='word_1_180' title='bbox 906 3031 1031 3082; x_wconf 80' lang='lat' dir='ltr'><strong>william</strong></span> <span class='ocrx_word' id='word_1_181' title='bbox 1048 3031 1126 3096; x_wconf 72' lang='lat' dir='ltr'><strong>croy,</strong></span> <span class='ocrx_word' id='word_1_182' title='bbox 1138 3033 1201 3081; x_wconf 88' lang='lat' dir='ltr'><strong>who</strong></span> <span class='ocrx_word' id='word_1_183' title='bbox 1214 3047 1269 3081; x_wconf 86' lang='lat' dir='ltr'><strong>was</strong></span> <span class='ocrx_word' id='word_1_184' title='bbox 1283 3032 1426 3082; x_wconf 83' lang='lat' dir='ltr'><strong>Barland’s</strong></span> <span class='ocrx_word' id='word_1_185' title='bbox 1436 3033 1514 3095; x_wconf 90' lang='lat' dir='ltr'><strong>pupil</strong></span> <span class='ocrx_word' id='word_1_186' title='bbox 1526 3033 1556 3081; x_wconf 90' lang='lat' dir='ltr'><strong>in</strong></span> 
     </span>
     <span class='ocr_line' id='line_1_24' title="bbox 356 3096 1557 3213; baseline -0.002 0"><span class='ocrx_word' id='word_1_187' title='bbox 356 3116 419 3180; x_wconf 73' lang='lat'>¹⁵¹²</span> <span class='ocrx_word' id='word_1_188' title='bbox 431 3098 524 3213; x_wconf 58' lang='lat' dir='ltr'><strong>og)</strong></span> <span class='ocrx_word' id='word_1_189' title='bbox 534 3096 725 3212; x_wconf 60' lang='lat' dir='ltr'><strong>nistret</strong></span> <span class='ocrx_word' id='word_1_190' title='bbox 737 3096 873 3211; x_wconf 63' lang='lat' dir='ltr'><strong>{ern</strong></span> <span class='ocrx_word' id='word_1_191' title='bbox 881 3097 1371 3213; x_wconf 55' lang='lat' dir='ltr'><strong>tribuniensem</strong></span> <span class='ocrx_word' id='word_1_192' title='bbox 1381 3100 1411 3211; x_wconf 58' lang='grc' dir='ltr'><strong>ἒ*</strong></span> <span class='ocrx_word' id='word_1_193' title='bbox 1421 3099 1557 3213; x_wconf 65' lang='lat' dir='ltr'><strong>‘ern</strong></span> 
     </span>
     <span class='ocr_line' id='line_1_25' title="bbox 354 3168 1556 3291; baseline -0.004 -8"><span class='ocrx_word' id='word_1_194' title='bbox 354 3168 485 3283; x_wconf 51' lang='lat' dir='ltr'><strong>drab-imilla</strong></span> <span class='ocrx_word' id='word_1_195' title='bbox 494 3228 625 3278; x_wconf 73' lang='lat' dir='ltr'><strong>Erasmus</strong></span> <span class='ocrx_word' id='word_1_196' title='bbox 635 3242 748 3290; x_wconf 79' lang='lat' dir='ltr'><strong>appears</strong></span> <span class='ocrx_word' id='word_1_197' title='bbox 762 3199 874 3277; x_wconf 76' lang='lat' dir='ltr'><strong>tohard</strong></span> <span class='ocrx_word' id='word_1_198' title='bbox 890 3228 960 3277; x_wconf 91' lang='lat' dir='ltr'><strong>been</strong></span> <span class='ocrx_word' id='word_1_199' title='bbox 977 3230 1058 3291; x_wconf 87' lang='lat' dir='ltr'><strong>using</strong></span> <span class='ocrx_word' id='word_1_200' title='bbox 1074 3229 1123 3278; x_wconf 92' lang='lat' dir='ltr'><strong>the</strong></span> <span class='ocrx_word' id='word_1_201' title='bbox 1141 3242 1204 3291; x_wconf 85' lang='lat'>1515</span> <span class='ocrx_word' id='word_1_202' title='bbox 1221 3228 1325 3277; x_wconf 87' lang='lat' dir='ltr'><strong>edition</strong></span> <span class='ocrx_word' id='word_1_203' title='bbox 1342 3177 1433 3279; x_wconf 62' lang='lat' dir='ltr'><strong>ofstlde</strong></span> <span class='ocrx_word' id='word_1_204' title='bbox 1449 3233 1556 3290; x_wconf 75' lang='lat' dir='ltr'><strong>Adooiu,</strong></span> 
     </span>
     <span class='ocr_line' id='line_1_26' title="bbox 354 3292 1557 3358; baseline -0.005 -11"><span class='ocrx_word' id='word_1_205' title='bbox 354 3299 445 3349; x_wconf 81' lang='lat' dir='ltr'><strong>where</strong></span> <span class='ocrx_word' id='word_1_206' title='bbox 457 3294 507 3344; x_wconf 86' lang='lat' dir='ltr'><strong>the</strong></span> <span class='ocrx_word' id='word_1_207' title='bbox 518 3292 748 3357; x_wconf 82' lang='lat' dir='ltr'><strong>page-references</strong></span> <span class='ocrx_word' id='word_1_208' title='bbox 758 3292 800 3341; x_wconf 80' lang='lat' dir='ltr'><strong>tor</strong></span> <span class='ocrx_word' id='word_1_209' title='bbox 810 3297 890 3353; x_wconf 75' lang='lat' dir='ltr'><strong>Aduo.</strong></span> <span class='ocrx_word' id='word_1_210' title='bbox 903 3308 970 3355; x_wconf 80' lang='lat'>2494</span> <span class='ocrx_word' id='word_1_211' title='bbox 978 3308 1025 3344; x_wconf 89' lang='lat' dir='ltr'><strong>are</strong></span> <span class='ocrx_word' id='word_1_212' title='bbox 1033 3308 1127 3358; x_wconf 82' lang='lat' dir='ltr'><strong>wrong</strong></span> <span class='ocrx_word' id='word_1_213' title='bbox 1134 3296 1164 3343; x_wconf 88' lang='lat' dir='ltr'><strong>in</strong></span> <span class='ocrx_word' id='word_1_214' title='bbox 1176 3294 1242 3344; x_wconf 88' lang='lat' dir='ltr'><strong>both</strong></span> <span class='ocrx_word' id='word_1_215' title='bbox 1251 3293 1371 3355; x_wconf 78' lang='lat' dir='ltr'><strong>luderes,</strong></span> <span class='ocrx_word' id='word_1_216' title='bbox 1383 3293 1478 3343; x_wconf 89' lang='lat' dir='ltr'><strong>rather</strong></span> <span class='ocrx_word' id='word_1_217' title='bbox 1488 3294 1557 3341; x_wconf 93' lang='lat' dir='ltr'><strong>than</strong></span> 
     </span>
     <span class='ocr_line' id='line_1_27' title="bbox 354 3359 1182 3422; baseline -0.007 -7"><span class='ocrx_word' id='word_1_218' title='bbox 354 3365 433 3414; x_wconf 74' lang='lat' dir='ltr'><strong>those</strong></span> <span class='ocrx_word' id='word_1_219' title='bbox 444 3362 476 3411; x_wconf 79' lang='lat' dir='ltr'><strong>ol</strong></span> <span class='ocrx_word' id='word_1_220' title='bbox 484 3361 554 3411; x_wconf 74' lang='lat' dir='ltr'><strong>Noe.</strong></span> <span class='ocrx_word' id='word_1_221' title='bbox 567 3374 630 3421; x_wconf 82' lang='lat'><strong>15¹7</strong></span> <span class='ocrx_word' id='word_1_222' title='bbox 643 3373 673 3407; x_wconf 92' lang='lat' dir='ltr'><strong>or</strong></span> <span class='ocrx_word' id='word_1_223' title='bbox 682 3359 741 3409; x_wconf 88' lang='lat' dir='ltr'><strong>Oet.</strong></span> <span class='ocrx_word' id='word_1_224' title='bbox 755 3372 826 3421; x_wconf 77' lang='lat'><strong>1520,</strong></span> <span class='ocrx_word' id='word_1_225' title='bbox 836 3359 926 3407; x_wconf 83' lang='lat' dir='ltr'><strong>where</strong></span> <span class='ocrx_word' id='word_1_226' title='bbox 938 3361 1005 3422; x_wconf 80' lang='lat' dir='ltr'><strong>they</strong></span> <span class='ocrx_word' id='word_1_227' title='bbox 1016 3374 1061 3410; x_wconf 82' lang='lat' dir='ltr'><strong>are</strong></span> <span class='ocrx_word' id='word_1_228' title='bbox 1073 3364 1182 3410; x_wconf 87' lang='lat' dir='ltr'><strong>eorreot.</strong></span> 
     </span>
    </p>

    <p class='ocr_par' dir='ltr' id='par_1_7' title="bbox 354 3423 1557 3553">
     <span class='ocr_line' id='line_1_28' title="bbox 385 3423 1557 3489; baseline -0.005 -11"><span class='ocrx_word' id='word_1_229' title='bbox 385 3426 503 3489; x_wconf 78' lang='lat' dir='ltr'><strong>Though</strong></span> <span class='ocrx_word' id='word_1_230' title='bbox 513 3428 561 3474; x_wconf 90' lang='lat' dir='ltr'><strong>not</strong></span> <span class='ocrx_word' id='word_1_231' title='bbox 568 3423 715 3486; x_wconf 82' lang='lat' dir='ltr'><strong>osteneibly</strong></span> <span class='ocrx_word' id='word_1_232' title='bbox 724 3439 740 3472; x_wconf 86' lang='lat' dir='ltr'><strong>a</strong></span> <span class='ocrx_word' id='word_1_233' title='bbox 748 3425 833 3487; x_wconf 81' lang='lat' dir='ltr'><strong>reply,</strong></span> <span class='ocrx_word' id='word_1_234' title='bbox 846 3424 895 3485; x_wconf 81' lang='lat' dir='ltr'><strong>sp.</strong></span> <span class='ocrx_word' id='word_1_235' title='bbox 902 3426 951 3486; x_wconf 80' lang='lat'><strong>⁶47</strong></span> <span class='ocrx_word' id='word_1_236' title='bbox 960 3439 1024 3489; x_wconf 85' lang='lat' dir='ltr'><strong>may</strong></span> <span class='ocrx_word' id='word_1_237' title='bbox 1033 3427 1065 3474; x_wconf 89' lang='lat' dir='ltr'><strong>be</strong></span> <span class='ocrx_word' id='word_1_238' title='bbox 1076 3425 1220 3475; x_wconf 81' lang='lat' dir='ltr'><strong>Barland’s</strong></span> <span class='ocrx_word' id='word_1_239' title='bbox 1230 3428 1295 3475; x_wconf 84' lang='lat' dir='ltr'><strong>next</strong></span> <span class='ocrx_word' id='word_1_240' title='bbox 1302 3424 1385 3474; x_wconf 90' lang='lat' dir='ltr'><strong>letter</strong></span> <span class='ocrx_word' id='word_1_241' title='bbox 1394 3428 1422 3474; x_wconf 90' lang='lat' dir='ltr'><strong>to</strong></span> <span class='ocrx_word' id='word_1_242' title='bbox 1429 3423 1557 3473; x_wconf 82' lang='lat' dir='ltr'><strong>Erasmus</strong></span> 
     </span>
     <span class='ocr_line' id='line_1_29' title="bbox 354 3487 729 3553; baseline -0.021 -8"><span class='ocrx_word' id='word_1_243' title='bbox 354 3495 426 3545; x_wconf 73' lang='lat' dir='ltr'><strong>aner</strong></span> <span class='ocrx_word' id='word_1_244' title='bbox 437 3493 487 3543; x_wconf 86' lang='lat' dir='ltr'><strong>the</strong></span> <span class='ocrx_word' id='word_1_245' title='bbox 498 3491 601 3553; x_wconf 85' lang='lat' dir='ltr'><strong>reosipt</strong></span> <span class='ocrx_word' id='word_1_246' title='bbox 612 3490 641 3539; x_wconf 85' lang='lat' dir='ltr'><strong>of</strong></span> <span class='ocrx_word' id='word_1_247' title='bbox 650 3487 729 3553; x_wconf 77' lang='lat' dir='ltr'><strong>this]</strong></span> 
     </span>
    </p>
   </div>
   <div class='ocr_carea' id='block_1_5' title="bbox 707 3637 1253 3688">
    <p class='ocr_par' dir='ltr' id='par_1_8' title="bbox 707 3637 1253 3688">
     <span class='ocr_line' id='line_1_30' title="bbox 707 3637 1253 3688; baseline 0.007 -5"><span class='ocrx_word' id='word_1_248' title='bbox 707 3637 863 3685; x_wconf 74' lang='lat' dir='ltr'><strong>EBASMVS</strong></span> <span class='ocrx_word' id='word_1_249' title='bbox 885 3639 1068 3687; x_wconf 72' lang='lat' dir='ltr'>BARLANDO</span> <span class='ocrx_word' id='word_1_250' title='bbox 1091 3639 1154 3686; x_wconf 86' lang='lat' dir='ltr'><strong>SVO</strong></span> <span class='ocrx_word' id='word_1_251' title='bbox 1177 3640 1202 3687; x_wconf 91' lang='lat' dir='ltr'><strong>S.</strong></span> <span class='ocrx_word' id='word_1_252' title='bbox 1223 3640 1253 3688; x_wconf 91' lang='lat' dir='ltr'><strong>D.</strong></span> 
     </span>
    </p>
   </div>
   <div class='ocr_carea' id='block_1_6' title="bbox 357 3758 1590 4626">
    <p class='ocr_par' dir='ltr' id='par_1_9' title="bbox 357 3758 1590 4228">
     <span class='ocr_line' id='line_1_31' title="bbox 396 3758 1560 3837; baseline -0.008 -10"><span class='ocrx_word' id='word_1_253' title='bbox 396 3766 486 3827; x_wconf 73' lang='lat' dir='ltr'><strong>rws</strong></span> <span class='ocrx_word' id='word_1_254' title='bbox 507 3761 611 3835; x_wconf 87' lang='lat' dir='ltr'><strong>index,</strong></span> <span class='ocrx_word' id='word_1_255' title='bbox 628 3759 692 3820; x_wconf 93' lang='lat' dir='ltr'><strong>imo</strong></span> <span class='ocrx_word' id='word_1_256' title='bbox 711 3758 758 3818; x_wconf 92' lang='lat' dir='ltr'><strong>tui</strong></span> <span class='ocrx_word' id='word_1_257' title='bbox 777 3758 896 3819; x_wconf 73' lang='lat' dir='ltr'><strong>indices</strong></span> <span class='ocrx_word' id='word_1_258' title='bbox 915 3779 1071 3837; x_wconf 83' lang='lat' dir='ltr'><strong>nusquam</strong></span> <span class='ocrx_word' id='word_1_259' title='bbox 1090 3759 1208 3820; x_wconf 87' lang='lat' dir='ltr'><strong>habent</strong></span> <span class='ocrx_word' id='word_1_260' title='bbox 1229 3759 1433 3837; x_wconf 76' lang='lat' dir='ltr'><strong>‘Scytharum</strong></span> <span class='ocrx_word' id='word_1_261' title='bbox 1452 3760 1560 3820; x_wconf 90' lang='lat' dir='ltr'><strong>solitu·</strong></span> 
     </span>
     <span class='ocr_line' id='line_1_32' title="bbox 357 3854 1561 3935; baseline -0.005 -10"><span class='ocrx_word' id='word_1_262' title='bbox 357 3854 1097 3935; x_wconf 81' lang='lat' dir='ltr'><strong>dinem&#39;,meivtriquementiunturinnumero.</strong></span> <span class='ocrx_word' id='word_1_263' title='bbox 1132 3857 1270 3918; x_wconf 88' lang='lat' dir='ltr'><strong>Proinde</strong></span> <span class='ocrx_word' id='word_1_264' title='bbox 1278 3857 1561 3920; x_wconf 81' lang='lat' dir='ltr'><strong>iuxtaPlautinum</strong></span> 
     </span>
     <span class='ocr_line' id='line_1_33' title="bbox 359 3953 1561 4031; baseline -0.007 -8"><span class='ocrx_word' id='word_1_265' title='bbox 359 3960 527 4022; x_wconf 87' lang='lat' dir='ltr'><strong>eonsilium</strong></span> <span class='ocrx_word' id='word_1_266' title='bbox 551 3954 702 4016; x_wconf 80' lang='lat' dir='ltr'><strong>mundani</strong></span> <span class='ocrx_word' id='word_1_267' title='bbox 727 3953 845 4014; x_wconf 86' lang='lat' dir='ltr'><strong>famulo</strong></span> <span class='ocrx_word' id='word_1_268' title='bbox 864 3958 906 4028; x_wconf 89' lang='lat' dir='ltr'><strong>vt,</strong></span> <span class='ocrx_word' id='word_1_269' title='bbox 932 3975 1004 4015; x_wconf 88' lang='lat' dir='ltr'><strong>eum</strong></span> <span class='ocrx_word' id='word_1_270' title='bbox 1028 3955 1114 4015; x_wconf 85' lang='lat' dir='ltr'><strong>viam</strong></span> <span class='ocrx_word' id='word_1_271' title='bbox 1137 3955 1175 4015; x_wconf 83' lang='lat' dir='ltr'><strong>ed</strong></span> <span class='ocrx_word' id='word_1_272' title='bbox 1199 3975 1286 4017; x_wconf 87' lang='lat' dir='ltr'><strong>mare</strong></span> <span class='ocrx_word' id='word_1_273' title='bbox 1307 3957 1434 4031; x_wconf 82' lang='lat' dir='ltr'><strong>neseiat,</strong></span> <span class='ocrx_word' id='word_1_274' title='bbox 1456 3956 1561 4018; x_wconf 87' lang='lat' dir='ltr'><strong>amnis</strong></span> 
     </span>
     <span class='ocr_line' id='line_1_34' title="bbox 359 4051 1562 4133; baseline -0.006 -12"><span class='ocrx_word' id='word_1_275' title='bbox 359 4062 455 4121; x_wconf 81' lang='lat' dir='ltr'><strong>ductu</strong></span> <span class='ocrx_word' id='word_1_276' title='bbox 477 4056 553 4116; x_wconf 84' lang='lat' dir='ltr'><strong>illue</strong></span> <span class='ocrx_word' id='word_1_277' title='bbox 573 4051 754 4133; x_wconf 86' lang='lat' dir='ltr'><strong>perueniat:</strong></span> <span class='ocrx_word' id='word_1_278' title='bbox 783 4053 887 4129; x_wconf 84' lang='lat' dir='ltr'><strong>itaque</strong></span> <span class='ocrx_word' id='word_1_279' title='bbox 915 4055 1056 4130; x_wconf 90' lang='lat' dir='ltr'><strong>repertus</strong></span> <span class='ocrx_word' id='word_1_280' title='bbox 1080 4057 1127 4113; x_wconf 88' lang='lat' dir='ltr'><strong>est</strong></span> <span class='ocrx_word' id='word_1_281' title='bbox 1149 4052 1246 4115; x_wconf 81' lang='lat' dir='ltr'><strong>loona.</strong></span> <span class='ocrx_word' id='word_1_282' title='bbox 1289 4054 1393 4116; x_wconf 81' lang='lat' dir='ltr'><strong>codex</strong></span> <span class='ocrx_word' id='word_1_283' title='bbox 1421 4060 1495 4115; x_wconf 89' lang='lat' dir='ltr'><strong>tuus</strong></span> <span class='ocrx_word' id='word_1_284' title='bbox 1522 4055 1562 4115; x_wconf 86' lang='lat' dir='ltr'><strong>ad</strong></span> 
     </span>
     <span class='ocr_line' id='line_1_35' title="bbox 359 4154 1590 4228; baseline -0.008 -10"><span class='ocrx_word' id='word_1_285' title='bbox 359 4162 389 4218; x_wconf 85' lang='lat' dir='ltr'><strong>te</strong></span> <span class='ocrx_word' id='word_1_286' title='bbox 408 4154 502 4218; x_wconf 85' lang='lat' dir='ltr'><strong>redit</strong></span> <span class='ocrx_word' id='word_1_287' title='bbox 1576 4179 1590 4228; x_wconf 87' lang='lat'><strong>5</strong></span> 
     </span>
    </p>

    <p class='ocr_par' dir='ltr' id='par_1_10' title="bbox 361 4246 1564 4626">
     <span class='ocr_line' id='line_1_36' title="bbox 398 4246 1561 4330; baseline -0.008 -14"><span class='ocrx_word' id='word_1_288' title='bbox 398 4252 535 4330; x_wconf 88' lang='lat' dir='ltr'><strong>Ingenio</strong></span> <span class='ocrx_word' id='word_1_289' title='bbox 552 4253 608 4311; x_wconf 90' lang='lat' dir='ltr'><strong>tuo</strong></span> <span class='ocrx_word' id='word_1_290' title='bbox 625 4247 728 4308; x_wconf 87' lang='lat' dir='ltr'><strong>modis</strong></span> <span class='ocrx_word' id='word_1_291' title='bbox 747 4246 896 4307; x_wconf 88' lang='lat' dir='ltr'><strong>omnibns</strong></span> <span class='ocrx_word' id='word_1_292' title='bbox 914 4247 1070 4322; x_wconf 61' lang='lat' dir='ltr'><strong>delectem</strong></span> <span class='ocrx_word' id='word_1_293' title='bbox 1095 4248 1191 4308; x_wconf 88' lang='lat' dir='ltr'><strong>simul</strong></span> <span class='ocrx_word' id='word_1_294' title='bbox 1212 4253 1306 4326; x_wconf 88' lang='lat' dir='ltr'><strong>atque</strong></span> <span class='ocrx_word' id='word_1_295' title='bbox 1326 4269 1377 4308; x_wconf 91' lang='lat' dir='ltr'><strong>me</strong></span> <span class='ocrx_word' id='word_1_296' title='bbox 1398 4249 1449 4308; x_wconf 88' lang='lat' dir='ltr'><strong>his</strong></span> <span class='ocrx_word' id='word_1_297' title='bbox 1470 4248 1561 4309; x_wconf 85' lang='lat' dir='ltr'><strong>extri·</strong></span> 
     </span>
     <span class='ocr_line' id='line_1_37' title="bbox 361 4346 1559 4426; baseline -0.007 -13"><span class='ocrx_word' id='word_1_298' title='bbox 361 4372 472 4413; x_wconf 82' lang='lat' dir='ltr'><strong>cauero</strong></span> <span class='ocrx_word' id='word_1_299' title='bbox 496 4347 644 4426; x_wconf 81' lang='lat' dir='ltr'><strong>negociis,</strong></span> <span class='ocrx_word' id='word_1_300' title='bbox 666 4346 788 4406; x_wconf 89' lang='lat' dir='ltr'><strong>iuuabit</strong></span> <span class='ocrx_word' id='word_1_301' title='bbox 808 4346 935 4423; x_wconf 87' lang='lat' dir='ltr'><strong>propius</strong></span> <span class='ocrx_word' id='word_1_302' title='bbox 956 4346 1054 4407; x_wconf 86' lang='lat' dir='ltr'><strong>etiam</strong></span> <span class='ocrx_word' id='word_1_303' title='bbox 1075 4349 1107 4407; x_wconf 90' lang='lat' dir='ltr'><strong>te</strong></span> <span class='ocrx_word' id='word_1_304' title='bbox 1127 4347 1200 4406; x_wconf 84' lang='lat' dir='ltr'><strong>frui.</strong></span> <span class='ocrx_word' id='word_1_305' title='bbox 1243 4346 1418 4423; x_wconf 87' lang='lat' dir='ltr'><strong>Imperties‚</strong></span> <span class='ocrx_word' id='word_1_306' title='bbox 1442 4347 1559 4423; x_wconf 88' lang='lat' dir='ltr'><strong>opinor,</strong></span> 
     </span>
     <span class='ocr_line' id='line_1_38' title="bbox 361 4442 1562 4527; baseline -0.004 -16"><span class='ocrx_word' id='word_1_307' title='bbox 361 4449 499 4527; x_wconf 81' lang='lat' dir='ltr'><strong>aliquam</strong></span> <span class='ocrx_word' id='word_1_308' title='bbox 513 4446 562 4507; x_wconf 87' lang='lat' dir='ltr'><strong>tui</strong></span> <span class='ocrx_word' id='word_1_309' title='bbox 575 4443 753 4525; x_wconf 89' lang='lat' dir='ltr'><strong>portionem</strong></span> <span class='ocrx_word' id='word_1_310' title='bbox 772 4442 913 4520; x_wconf 81' lang='lat' dir='ltr'><strong>Erasmo,</strong></span> <span class='ocrx_word' id='word_1_311' title='bbox 929 4444 982 4503; x_wconf 87' lang='lat' dir='ltr'><strong>sed</strong></span> <span class='ocrx_word' id='word_1_312' title='bbox 998 4445 1042 4504; x_wconf 86' lang='lat' dir='ltr'><strong>ita</strong></span> <span class='ocrx_word' id='word_1_313' title='bbox 1056 4464 1094 4504; x_wconf 88' lang='lat' dir='ltr'><strong>ne</strong></span> <span class='ocrx_word' id='word_1_314' title='bbox 1108 4444 1233 4504; x_wconf 86' lang='lat' dir='ltr'><strong>fraudes</strong></span> <span class='ocrx_word' id='word_1_315' title='bbox 1248 4444 1287 4503; x_wconf 90' lang='lat' dir='ltr'><strong>R.</strong></span> <span class='ocrx_word' id='word_1_316' title='bbox 1298 4444 1339 4504; x_wconf 92' lang='lat' dir='ltr'><strong>D.</strong></span> <span class='ocrx_word' id='word_1_317' title='bbox 1353 4443 1562 4522; x_wconf 73' lang='lat' dir='ltr'><strong>cardinalem,</strong></span> 
     </span>
     <span class='ocr_line' id='line_1_39' title="bbox 362 4542 1564 4626; baseline -0.002 -18"><span class='ocrx_word' id='word_1_318' title='bbox 362 4545 603 4626; x_wconf 87' lang='lat' dir='ltr'><strong>inoompurabile</strong></span> <span class='ocrx_word' id='word_1_319' title='bbox 629 4546 753 4604; x_wconf 87' lang='lat' dir='ltr'><strong>nostrae</strong></span> <span class='ocrx_word' id='word_1_320' title='bbox 778 4542 912 4620; x_wconf 88' lang='lat' dir='ltr'><strong>regionis</strong></span> <span class='ocrx_word' id='word_1_321' title='bbox 932 4543 1027 4602; x_wconf 86' lang='lat' dir='ltr'><strong>deone</strong></span> <span class='ocrx_word' id='word_1_322' title='bbox 1047 4546 1078 4602; x_wconf 87' lang='lat' dir='ltr'><strong>et</strong></span> <span class='ocrx_word' id='word_1_323' title='bbox 1100 4542 1276 4602; x_wconf 88' lang='lat' dir='ltr'><strong>studiorum</strong></span> <span class='ocrx_word' id='word_1_324' title='bbox 1299 4544 1440 4602; x_wconf 93' lang='lat' dir='ltr'><strong>omnium</strong></span> <span class='ocrx_word' id='word_1_325' title='bbox 1464 4563 1564 4621; x_wconf 87' lang='lat' dir='ltr'><strong>spem.</strong></span> 
     </span>
    </p>
   </div>
   <div class='ocr_carea' id='block_1_7' title="bbox 741 4704 1185 4765">
    <p class='ocr_par' dir='ltr' id='par_1_11' title="bbox 741 4704 1185 4765">
     <span class='ocr_line' id='line_1_40' title="bbox 741 4704 1185 4765; baseline 0.002 -13"><span class='ocrx_word' id='word_1_326' title='bbox 741 4706 797 4753; x_wconf 80' lang='lat'><strong>645.</strong></span> <span class='ocrx_word' id='word_1_327' title='bbox 816 4718 858 4765; x_wconf 78' lang='lat'><strong>32.</strong></span> <span class='ocrx_word' id='word_1_328' title='bbox 875 4708 899 4754; x_wconf 68' lang='lat' dir='ltr'><em>F</em></span> <span class='ocrx_word' id='word_1_329' title='bbox 905 4721 911 4753; x_wconf 80' lang='lat' dir='ltr'><em>z</em></span> <span class='ocrx_word' id='word_1_330' title='bbox 929 4704 1149 4755; x_wconf 76' lang='lat' dir='ltr'><strong>commendatum</strong></span> <span class='ocrx_word' id='word_1_331' title='bbox 1160 4720 1185 4753; x_wconf 83' lang='lat' dir='ltr'><strong>s.</strong></span> 
     </span>
    </p>
   </div>
   <div class='ocr_carea' id='block_1_8' title="bbox 369 4852 1499 5051">
    <p class='ocr_par' dir='ltr' id='par_1_12' title="bbox 369 4852 1499 5051">
     <span class='ocr_line' id='line_1_41' title="bbox 395 4852 1149 4917; baseline 0 -14"><span class='ocrx_word' id='word_1_332' title='bbox 395 4857 451 4904; x_wconf 79' lang='grc'><strong>645.</strong></span> <span class='ocrx_word' id='word_1_333' title='bbox 471 4869 512 4903; x_wconf 81' lang='lat'><strong>20.</strong></span> <span class='ocrx_word' id='word_1_334' title='bbox 535 4852 639 4917; x_wconf 88' lang='lat' dir='ltr'><strong>Dauid]</strong></span> <span class='ocrx_word' id='word_1_335' title='bbox 657 4853 707 4902; x_wconf 89' lang='lat' dir='ltr'><strong>See</strong></span> <span class='ocrx_word' id='word_1_336' title='bbox 726 4854 775 4915; x_wconf 85' lang='lat' dir='ltr'><strong>Ep.</strong></span> <span class='ocrx_word' id='word_1_337' title='bbox 792 4856 850 4915; x_wconf 77' lang='lat'><strong>603.</strong></span> <span class='ocrx_word' id='word_1_338' title='bbox 872 4869 899 4901; x_wconf 86' lang='lat'><strong>11</strong></span> <span class='ocrx_word' id='word_1_339' title='bbox 914 4870 941 4904; x_wconf 89' lang='lat' dir='ltr'><strong>n.</strong></span> <span class='ocrx_word' id='word_1_340' title='bbox 994 4870 1018 4903; x_wconf 89' lang='lat' dir='ltr'><strong>v.</strong></span> <span class='ocrx_word' id='word_1_341' title='bbox 1032 4854 1149 4903; x_wconf 72' lang='lat' dir='ltr'><strong>SoBs-r.</strong></span> 
     </span>
     <span class='ocr_line' id='line_1_42' title="bbox 396 4919 1499 4986; baseline 0.002 -18"><span class='ocrx_word' id='word_1_342' title='bbox 396 4936 435 4982; x_wconf 80' lang='lat'><strong>23.</strong></span> <span class='ocrx_word' id='word_1_343' title='bbox 455 4921 538 4969; x_wconf 78' lang='lat' dir='ltr'><strong>rudes</strong></span> <span class='ocrx_word' id='word_1_344' title='bbox 555 4925 583 4969; x_wconf 85' lang='lat' dir='ltr'><strong>et</strong></span> <span class='ocrx_word' id='word_1_345' title='bbox 600 4919 716 4983; x_wconf 88' lang='lat' dir='ltr'><strong>indocti]</strong></span> <span class='ocrx_word' id='word_1_346' title='bbox 734 4921 785 4969; x_wconf 90' lang='lat' dir='ltr'><strong>See</strong></span> <span class='ocrx_word' id='word_1_347' title='bbox 803 4920 850 4986; x_wconf 86' lang='lat' dir='ltr'><strong>the</strong></span> <span class='ocrx_word' id='word_1_348' title='bbox 868 4924 943 4981; x_wconf 79' lang='lat' dir='ltr'><strong>story</strong></span> <span class='ocrx_word' id='word_1_349' title='bbox 1027 4921 1083 4968; x_wconf 75' lang='grc'><strong>646.</strong></span> <span class='ocrx_word' id='word_1_350' title='bbox 1106 4936 1127 4969; x_wconf 90' lang='lat'><strong>1.</strong></span> <span class='ocrx_word' id='word_1_351' title='bbox 1146 4920 1321 4986; x_wconf 77' lang='lat' dir='ltr'><strong>Scytharum]</strong></span> <span class='ocrx_word' id='word_1_352' title='bbox 1334 4926 1413 4981; x_wconf 70' lang='lat' dir='ltr'><strong>Adeo</strong></span> <span class='ocrx_word' id='word_1_353' title='bbox 1427 4938 1499 4986; x_wconf 78' lang='lat'><strong>2494.</strong></span> 
     </span>
     <span class='ocr_line' id='line_1_43' title="bbox 369 4985 1427 5051; baseline 0.004 -18"><span class='ocrx_word' id='word_1_354' title='bbox 369 4987 465 5036; x_wconf 80' lang='lat' dir='ltr'><strong>related</strong></span> <span class='ocrx_word' id='word_1_355' title='bbox 484 4988 514 5036; x_wconf 89' lang='lat' dir='ltr'><strong>in</strong></span> <span class='ocrx_word' id='word_1_356' title='bbox 532 4985 580 5035; x_wconf 85' lang='lat' dir='ltr'><strong>the</strong></span> <span class='ocrx_word' id='word_1_357' title='bbox 597 4989 750 5046; x_wconf 62' lang='lat' dir='ltr'><strong>Eodaiuetsn</strong></span> <span class='ocrx_word' id='word_1_358' title='bbox 769 4985 815 5034; x_wconf 82' lang='lat' dir='ltr'><strong>bk.</strong></span> <span class='ocrx_word' id='word_1_359' title='bbox 833 5001 864 5034; x_wconf 86' lang='lat'><strong>1:</strong></span> <span class='ocrx_word' id='word_1_360' title='bbox 888 4986 941 5034; x_wconf 88' lang='lat' dir='ltr'><strong>LB.</strong></span> <span class='ocrx_word' id='word_1_361' title='bbox 1028 5000 1052 5036; x_wconf 72' lang='grc' dir='ltr'><strong>ο.</strong></span> <span class='ocrx_word' id='word_1_362' title='bbox 1069 4985 1241 5051; x_wconf 87' lang='lat' dir='ltr'><strong>Plautinum]</strong></span> <span class='ocrx_word' id='word_1_363' title='bbox 1253 4991 1320 5036; x_wconf 82' lang='lat' dir='ltr'><strong>Poen.</strong></span> <span class='ocrx_word' id='word_1_364' title='bbox 1333 4989 1391 5048; x_wconf 78' lang='lat'><strong>627,</strong></span> <span class='ocrx_word' id='word_1_365' title='bbox 1403 4989 1427 5037; x_wconf 81' lang='grc'><strong>8.</strong></span> 
     </span>
    </p>
   </div>
   <div class='ocr_carea' id='block_1_9' title="bbox 941 5086 994 5127">
    <p class='ocr_par' dir='ltr' id='par_1_13' title="bbox 941 5086 994 5127">
     <span class='ocr_line' id='line_1_44' title="bbox 941 5086 994 5127; baseline 0 0"><span class='ocrx_word' id='word_1_366' title='bbox 941 5086 994 5127; x_wconf 74' lang='grc' dir='ltr'>Η</span> 
     </span>
    </p>
   </div>
   <div class='ocr_carea' id='block_1_10' title="bbox 0 0 1968 6034">
    <p class='ocr_par' dir='ltr' id='par_1_14' title="bbox 0 0 1968 6034">
     <span class='ocr_line' id='line_1_45' title="bbox 0 0 1968 6034; baseline 0 0"><span class='ocrx_word' id='word_1_367' title='bbox 0 0 1968 6034; x_wconf 95' lang='lat' dir='ltr'><strong> </strong></span> 
     </span>
    </p>
   </div>
  </div>
 </body>
</html>
