3867 6034
475 724 534 786 ια
822 719 1011 784 mmsis
1038 720 1092 782 os
1119 718 1321 782 nsmnos
1575 714 1672 799 [εμπ

472 899 534 942 vox
547 878 720 958 compositi,
731 880 865 957 praestet
874 875 977 937 delere
990 875 1119 936 terciam
1130 878 1253 952 partem
1267 893 1362 953 quam
1375 873 1528 935 subiicere
1538 872 1673 936 verbum

470 975 673 1038 subsistendi
716 976 821 1049 Vides,
835 974 954 1053 opinor,
973 992 1027 1034 me
1046 971 1109 1033 tale
1128 970 1212 1033 nihil
1232 971 1375 1045 sensisse,
1390 972 1577 1050 praesertim
1597 991 1671 1033 curn

471 1076 538 1134 tota
565 1073 777 1152 disputatione
804 1070 965 1131 diuersum
991 1088 1091 1147 agam.
1145 1068 1186 1129 Et
1213 1072 1320 1129 tamen
1346 1070 1373 1130 si
1402 1068 1473 1147 quis
1503 1067 1670 1132 Christum

470 1170 602 1232 dixisset
621 1169 840 1249 compositum,
855 1167 940 1246 quid,
963 1186 1070 1245 queso,
1087 1168 1154 1227 erut
1173 1166 1328 1243 periculi?
1368 1167 1416 1228 De
1435 1167 1530 1227 rebus
1550 1165 1671 1227 diuinis

426 1294 457 1347 ιε
470 1268 625 1330 balbuties
638 1272 686 1330 est
699 1267 847 1347 quicquid
860 1265 1002 1343 loquitur
1011 1264 1168 1324 humanus
1181 1282 1293 1325 sermo.
1328 1264 1400 1324 Non
1413 1267 1461 1324 est
1474 1262 1670 1341 compositus

470 1365 614 1427 Christus
631 1369 782 1443 tanquam
794 1360 870 1443 (res)
883 1382 923 1423 ex
940 1360 1072 1422 materis
1088 1364 1121 1420 et
1135 1360 1235 1421 forma
1252 1365 1307 1421 sut
1325 1362 1438 1422 domus
1457 1381 1495 1422 ex
1515 1360 1617 1439 tignis
1636 1364 1669 1421 et

469 1464 659 1542 parietibus;
678 1467 712 1524 st
724 1464 829 1540 aliquo
849 1460 943 1523 modo
962 1459 1153 1537 compositus
1166 1462 1222 1519 est.
1267 1460 1351 1534 Quae
1368 1460 1535 1521 commisso
1549 1460 1669 1521 iuncta·

469 1581 529 1641 que
542 1565 626 1639 sunt,
643 1562 765 1622 Latinis
777 1559 950 1638 composita
962 1556 1119 1619 dicuntur.

508 1659 626 1720 Verum
640 1659 698 1720 hec
717 1658 897 1719 defensione
911 1655 992 1716 mihi
1007 1654 1090 1715 nihil
1104 1658 1151 1715 est
1164 1673 1253 1731 opus.
1295 1655 1441 1717 Demiror
1455 1675 1551 1733 quare
1564 1655 1668 1716 Berus

424 1782 457 1833 30
467 1756 583 1818 eorrhat
600 1776 652 1817 me
669 1756 751 1817 velle
768 1754 932 1816 Christum
950 1751 1047 1829 accipi
1068 1771 1124 1830 pro
1141 1753 1263 1812 vtrauis
1280 1756 1392 1813 nsturs
1408 1756 1463 1814 sut
1483 1771 1541 1830 pro
1557 1752 1665 1827 altera,

468 1872 580 1932 nempe
596 1854 743 1927 humana,
760 1872 833 1914 cum
849 1871 906 1929 ego
928 1850 1116 1911 nominatim
1138 1850 1327 1927 interpreter
1347 1871 1404 1929 pro
1424 1851 1533 1927 alters,
1551 1870 1667 1929 nempe

467 1951 584 2012 diuina.
626 1951 734 2029 Neque
752 1950 838 2010 enim
853 1968 923 2010 mes
935 1949 1030 2009 refert
1043 1949 1118 2026 quid
1132 1949 1247 2009 dixerit
1261 1949 1368 2025 Faber,
1385 1951 1414 2010 si
1428 1951 1504 2027 quid
1518 1949 1573 2010 ille
1586 1948 1667 2011 forte

467 2048 531 2109 tale
550 2048 638 2109 dixit
682 2048 755 2108 Non
768 2067 834 2122 vos,
851 2046 970 2125 opinor,
986 2046 1117 2106 offendit
1132 2046 1213 2123 quod
1233 2046 1300 2106 dixi
1314 2048 1470 2125 vtranque
1484 2046 1664 2124 significari,

467 2166 539 2207 eum
553 2147 650 2207 altera
665 2149 861 2207 connotetur.
906 2144 958 2206 Sic
975 2144 1063 2205 enim
1083 2144 1195 2216 sentio,
1209 2149 1378 2206 connotare
1397 2145 1480 2206 nihil
1496 2164 1565 2207 esse
1578 2145 1666 2206 aliud

421 2273 452 2325 3⁵
466 2263 561 2326 quam
581 2244 672 2305 aliter
691 2243 867 2322 significae
880 2242 957 2318 siue,
974 2247 1010 2305 vt
1026 2243 1080 2304 isti
1094 2242 1279 2319 loquuntur,
1293 2243 1484 2306 secundario.
1527 2244 1585 2306 Bis
1600 2244 1664 2307 ism

465 2341 575 2421 scripsi
585 2341 693 2416 Fabio,
707 2340 789 2402 nihil
800 2340 1045 2418 illerespondet;
1066 2341 1176 2418 opinor
1188 2342 1319 2402 molitur
1328 2342 1457 2422 aliquid
1502 2343 1665 2404 Admonui

465 2442 510 2513 vt,
536 2440 565 2499 si
586 2439 762 2517 respondet,
788 2439 969 2500 meminerit
995 2438 1071 2517 quid
1099 2439 1236 2500 Fsbrum
1264 2439 1379 2501 deceat.
1424 2441 1514 2517 Quod
1542 2440 1572 2501 si
1597 2443 1665 2503 tam

464 2535 636 2596 inciuiliter
655 2541 727 2614 agat
747 2555 842 2615 quam
866 2536 965 2597 semel
989 2537 1060 2614 egit,
1087 2536 1201 2597 sentiet
1226 2556 1278 2596 me
1301 2556 1366 2598 non
1393 2556 1490 2617 aeque
1517 2536 1664 2612 ciuilem

464 2635 497 2694 et
508 2632 657 2709 fortassis,
673 2633 761 2694 iuxta
775 2633 953 2708 Horatium,

418 2799 452 2852 40
767 2773 871 2851 fragili
891 2792 1043 2852 quaerens
1063 2772 1184 2834 illidere
1205 2774 1341 2849 dentem,

706 2870 815 2932 Illidet
835 2870 945 2934 solido.

463 3008 575 3069 Amice
602 3008 728 3086 quidem
755 3012 865 3071 monet
891 3009 992 3070 Berus
1019 3011 1055 3070 vt
1082 3009 1190 3069 erebro
1217 3011 1371 3086 protester
1398 3028 1449 3070 me
1477 3010 1664 3073 submittere

462 3126 534 3167 mea
553 3106 636 3167 dicta
655 3104 769 3167 iudicio
790 3106 955 3167 Ecclesiae.
999 3106 1038 3167 Id
1059 3105 1203 3184 equidem
1224 3106 1312 3181 facio,
1334 3126 1445 3168 verum
1466 3107 1568 3169 malae
1589 3109 1663 3171 fidei

463 3204 591 3283 signum
612 3206 660 3266 est
679 3203 790 3265 multis
810 3204 858 3265 vti
878 3203 1085 3265 cautionibus
1127 3204 1212 3264 Puto
1232 3205 1393 3265 neminem
1414 3204 1534 3267 bonum
1554 3207 1661 3269 virum

417 3317 449 3369 45
462 3321 528 3364 non
549 3302 608 3363 hoo
627 3302 732 3363 animo
749 3302 884 3364 scribere
903 3302 982 3380 quin
1000 3302 1041 3362 sb
1060 3301 1216 3364 Ecclesiae
1236 3301 1350 3363 iudicio
1368 3304 1518 3383 pendeat:
1548 3325 1661 3367 verum

461 3401 517 3463 vbi
535 3401 579 3462 sit
597 3400 738 3462 Ecclesia
755 3420 821 3461 non
838 3402 914 3462 satis
927 3400 1094 3478 aliquoties
1106 3400 1217 3479 liquet.
1254 3400 1420 3462 Dabitura
1440 3421 1492 3463 me
1510 3422 1603 3481 opem
1621 3424 1661 3466 ne

461 3500 536 3577 quid
561 3499 663 3561 sciens
681 3498 817 3560 scnham
838 3499 967 3560 Christo
987 3498 1162 3577 indignum.
1218 3498 1264 3558 De
1284 3498 1418 3577 spinosis
1437 3499 1509 3561 istis
1529 3502 1661 3579 argutiis

460 3616 525 3658 non
539 3598 651 3676 opinor
665 3596 799 3674 pendere
813 3595 909 3657 fidem
923 3595 1144 3659 Christianam.
1186 3595 1252 3656 Nec
1265 3615 1323 3673 ego
1336 3596 1417 3657 mihi
1431 3616 1522 3659 sumo
1536 3598 1661 3661 effectu·

460 3713 533 3755 rum
553 3714 593 3755 ne
614 3694 690 3772 quid
710 3694 752 3754 sit
771 3712 905 3771 requam
925 3694 1010 3770 quod
1029 3692 1144 3772 aliquis
1164 3693 1264 3770 possit
1280 3693 1430 3766 cauillari
1453 3714 1527 3755 cum
1547 3696 1580 3757 id
1601 3716 1659 3759 neo

415 3814 448 3867 50
459 3794 601 3852 veterum
615 3792 761 3869 cuiquem
777 3810 833 3852 nec
847 3792 1020 3852 recentium
1034 3789 1137 3851 adhuc
1150 3790 1323 3868 contigerit.

498 3887 596 3950 Volui
609 3908 665 3949 vos
678 3888 757 3949 scire
770 3887 915 3949 animum
928 3907 1056 3949 meum:
1078 3907 1162 3948 nuno
1175 3889 1258 3965 quod
1273 3892 1416 3965 superest
1425 3891 1529 3951 vestro
1542 3891 1660 3954 iudicio

460 3985 616 4063 permitto.
660 3984 729 4045 Scio
749 4005 807 4047 vos
827 3989 894 4046 tam
909 3983 1048 4046 eruditos
1065 3984 1148 4045 nihil
1166 4003 1232 4045 non
1253 3988 1344 4063 recte,
1359 3990 1427 4046 tam
1445 3987 1562 4050 amicos
1575 3989 1659 4052 nihil

459 4101 525 4146 non
537 4081 672 4142 salutare
685 4083 829 4145 facturos.
873 4083 958 4143 Bene
971 4080 1048 4157 vale,
1066 4083 1270 4161 (iuolphsnge
1284 4084 1472 4146 doctissime.

498 4181 616 4259 Scripsi
643 4200 698 4258 per
723 4180 927 4242 tabellionem
956 4180 1165 4242 Basiliensom
1192 4184 1264 4242 ante
1290 4201 1406 4260 paucos
1431 4182 1506 4245 dies
1564 4183 1658 4246 Hanc

413 4306 444 4357 55
458 4280 632 4361 epistolam,
657 4277 687 4341 si
714 4278 847 4353 videtur,
872 4281 904 4340 et
931 4279 970 4340 D.
1001 4279 1082 4341 Bero
1109 4279 1264 4354 exhibeas,
1291 4280 1382 4359 eique
1411 4301 1461 4342 me
1489 4281 1658 4361 diligenter

458 4378 667 4443 commendes.
713 4377 846 4439 Louanii
862 4376 1014 4456 postridie
1027 4377 1237 4456 conceptionis
1251 4378 1409 4456 Deiparae.

903 4501 943 4561 5⁶·
961 4499 1145 4563 conceptionis
1156 4502 1209 4549 lis.

488 4667 530 4704 21.
547 4652 660 4701 teroism
672 4647 789 4714 partem]
799 4648 855 4697 'l'he
865 4646 955 4697 words
969 4650 1030 4696 ‘aut
1112 4660 1153 4707 35.
1171 4644 1231 4709 Bis]
1244 4646 1311 4711 Epp.
1323 4649 1381 4711 ⁶59·
1393 4662 1449 4710 7²⁴·

456 4717 587 4769 edunbus
598 4716 759 4778 composito'
772 4715 843 4778 (1.6;
862 4712 895 4763 ei.
907 4711 926 4761 l.
940 4711 977 4776 7).
1112 4724 1153 4773 ³⁹·
1172 4710 1333 4776 Horatium]
1345 4713 1385 4764 uf.
1397 4718 1424 4764 Β.
1436 4729 1460 4762 n.
1477 4729 1499 4763 r.
1513 4715 1578 4776 77‚8.

489 4798 529 4846 eo
547 4780 645 4845 seruc]
657 4781 697 4834 0¹·
708 4782 758 4845 Er·
769 4794 826 4842 rso
839 4793 895 4842 re
1106 4791 1150 4839 se·
1168 4776 1280 4843 scapo]
1293 4779 1343 4843 Eo·
1354 4793 1409 4842 7³1·
