3867 6034
345 738 424 826 ιιι]
642 744 696 806 no
724 744 874 806 mann
902 745 956 808 on
982 744 1252 810 suernsnsn
1506 752 1548 812 ee

342 903 447 963 tntum
461 920 529 963 esse
540 905 573 962 et
586 900 741 978 placuisse
758 902 898 963 memini.
942 902 977 964 Si
991 903 1067 981 quid
1080 922 1151 965 meo
1165 903 1313 981 suffragio
1327 903 1451 981 tribuis,
1466 905 1549 967 nihil

343 998 435 1061 video
448 1001 626 1077 profectum
639 1020 658 1060 a
671 1004 796 1062 nostrae
814 999 976 1080 religionis
992 1002 1183 1079 hominibus,
1198 1003 1254 1080 qui
1271 1003 1465 1081 eloquentiae
1478 1024 1550 1083 quo·

343 1118 407 1176 que
426 1098 527 1177 gloria
547 1099 720 1174 floruerint,
736 1098 818 1178 quod
836 1118 910 1160 cum
929 1099 1026 1160 huius
1046 1099 1153 1177 phrasi
1172 1101 1214 1161 sit
1230 1101 1463 1164 conferendum.
1505 1104 1576 1172 Vt5

344 1215 500 1275 nusquam
514 1216 579 1258 non
592 1200 729 1274 praestat
741 1196 903 1275 egregium
921 1198 1084 1273 artificem,
1100 1198 1168 1259 siue
1186 1202 1307 1277 spectes
1320 1200 1463 1262 ordinem
1482 1202 1549 1263 siue

343 1295 498 1356 hansihrs
525 1294 659 1356 subinde
686 1314 794 1370 nouos,
818 1295 885 1356 siue
915 1315 980 1356 non
1000 1296 1164 1375 vulgarem
1191 1298 1368 1374 ingressum
1388 1298 1549 1376 velutique

343 1392 445 1453 limen
458 1393 759 1470 argumentationis!
787 1393 918 1455 Nullam
931 1394 1064 1456 suasorii
1076 1395 1200 1472 generis
1212 1398 1333 1473 partem
1345 1416 1410 1457 non
1424 1399 1546 1459 tractat

344 1488 511 1568 Nusquam
529 1491 650 1552 desidet
667 1492 701 1552 in
718 1489 795 1552 locis
813 1492 1043 1553 communibus.
1085 1492 1186 1568 Magis
1199 1496 1289 1570 vrget
1301 1497 1333 1553 et
1347 1493 1445 1554 instet
1459 1512 1549 1572 argu·

344 1589 469 1664 mentis,
480 1589 561 1649 mire
573 1589 687 1701 pungit
697 1589 954 1668 epiphonematis,
966 1590 1196 1651 delectat1uxta
1206 1610 1242 1651 ac
1252 1594 1361 1652 mouet
1370 1592 1546 1654 sententus
1564 1612 1594 1648 ιο

344 1687 624 1766 Quodquemagrs
598 1686 744 1749 etiam
771 1687 952 1748 mirandum
976 1692 1036 1762 est,
1063 1688 1108 1748 sic
1132 1688 1310 1750 leocraticis
1337 1689 1549 1751 schematibus

344 1785 513 1859 modulata,
528 1787 656 1859 structa,
672 1786 887 1864 picturataque
900 1789 950 1847 est
966 1787 1067 1847 oratio
1084 1790 1121 1848 vt
1137 1805 1294 1864 nusquam
1313 1791 1420 1848 tamen
1438 1787 1549 1866 frigeat

342 1886 399 1945 aut
418 1882 551 1960 mephat
562 1904 570 1957 ;
590 1883 634 1943 sic
655 1887 764 1960 arguta
777 1887 814 1944 vt
834 1883 963 1945 interim
985 1904 1118 1946 neruosa
1129 1907 1137 1959 ;
1157 1884 1202 1944 sic
1221 1883 1378 1945 elaborata
1392 1888 1428 1946 vt
1440 1888 1547 1946 tamen

343 1982 502 2056 dilucida;
533 1982 579 2042 sic
606 2002 696 2056 noua,
719 1982 773 2042 sed
794 1984 829 2042 vt
856 1983 958 2044 toedio
986 1987 1089 2044 careat
1116 1982 1337 2056 affectationis;
1368 1983 1413 2043 sic
1434 1983 1548 2045 iestiua

343 2083 382 2141 vt
405 2079 508 2140 nihilo
533 2079 634 2141 secius
660 2080 767 2158 grauis
794 2098 829 2140 ac
856 2080 955 2155 seria,
987 2082 1031 2141 sic
1059 2079 1214 2141 rhetorica
1235 2083 1271 2141 vt
1296 2083 1419 2160 γνησίοις
1441 2085 1547 2143 temen
1563 2098 1592 2145 15

342 2178 545 2251 christiam
577 2177 710 2255 denique
737 2178 781 2238 sic
807 2178 887 2238 acris
913 2198 949 2239 ac
971 2178 1140 2239 vehemens
1162 2181 1199 2239 vt
1221 2177 1272 2238 sui
1299 2182 1406 2239 Gmen
1429 2178 1547 2255 vbique

344 2275 469 2351 similis,
489 2276 556 2354 pari
577 2274 753 2337 intentione
773 2275 812 2336 ad
833 2280 1010 2337 extremum
1026 2295 1124 2354 usque
1144 2275 1261 2337 calcem
1280 2294 1457 2354 properans,
1478 2275 1549 2338 sani

343 2374 795 2453 videlicetvegetiqueingenii
804 2378 1036 2452 argumentum.
1070 2374 1255 2435 Gennadius
1265 2373 1342 2434 dum
1351 2374 1427 2435 huic
1437 2373 1548 2435 stilum

342 2473 457 2533 inbuit
466 2472 696 2547 scholasticum,
711 2471 745 2531 ni
755 2470 854 2545 fallor,
867 2469 1048 2550 plusculum
1062 2473 1096 2532 in
1110 2491 1147 2531 eo
1161 2471 1356 2549 desyderauit
1365 2491 1548 2534 arcanarum

344 2572 519 2632 literarum.
565 2571 729 2631 Caeterum
754 2569 899 2630 libellum
923 2570 1009 2630 hunc
1028 2590 1048 2631 a
1069 2569 1232 2648 Rodolpho
1253 2569 1402 2647 Agricola
1421 2589 1548 2631 versum
1564 2587 1594 2623 ²0

345 2690 411 2731 non
431 2689 499 2730 esse
512 2668 562 2729 vel
583 2668 675 2729 stilum
695 2668 761 2745 ipse
782 2668 859 2729 satis
879 2669 990 2745 arguit,
1013 2668 1197 2747 praesertim
1217 2688 1290 2729 cum
1311 2668 1461 2746 quaedam
1482 2670 1548 2730 sint

344 2770 506 2831 schemata
519 2786 598 2847 quae
610 2786 651 2826 ne
664 2766 786 2844 possint
799 2765 926 2843 quidem
939 2766 978 2827 ad
995 2766 1145 2827 Graecam
1159 2766 1331 2826 orationem
1350 2765 1546 2843 respondere.

343 2866 530 2929 Gennadius
557 2864 677 2926 indicat
703 2884 770 2925 esse
799 2864 948 2925 Eucherii
975 2864 1195 2943 Lugdunensis
1222 2864 1368 2925 ecclesiae
1394 2865 1548 2943 episcopii

344 2983 482 3042 moxque
506 2962 602 3024 huius
628 2963 777 3022 meminit
805 2962 955 3038 epistolae
979 2981 1073 3039 quam
1101 2961 1259 3039 scripserit
1286 2961 1325 3022 ad
1345 2961 1549 3023 Valerianum

343 3061 560 3140 propinquum
582 3080 674 3121 suum
697 3060 736 3120 de
758 3063 941 3137 contemptu
962 3060 1074 3120 mundi
1096 3061 1196 3138 deque
1217 3058 1423 3136 relinquendo
1444 3060 1549 3121 studio
1562 3081 1592 3130 ²5

344 3159 526 3237 prophanae
539 3157 763 3237 philosophiae
807 3158 915 3234 Atque
928 3158 1051 3217 vtinam
1065 3157 1186 3237 reliqua
1199 3156 1294 3218 huius
1308 3159 1470 3218 extarent!
1496 3156 1549 3218 vel

345 3258 372 3318 is
385 3256 469 3318 liber
482 3276 544 3335 quo
558 3257 691 3334 carptim
705 3255 836 3315 obscura
849 3275 989 3332 quaeque
1003 3255 1183 3316 diuinorum
1198 3254 1397 3316 voluminum
1413 3255 1549 3332 capitula

345 3355 535 3433 explanauit,
557 3354 608 3415 vel
631 3353 741 3431 isque
763 3352 883 3430 prolixa
903 3352 1043 3414 Cassiani
1067 3354 1214 3430 opuscula
1236 3353 1390 3412 contraxit
1410 3352 1445 3411 in
1465 3371 1548 3413 com-

346 3454 509 3531 pendium.

386 3553 448 3613 Sed
469 3550 546 3628 quid
566 3550 660 3610 vuius
684 3553 740 3609 aut
764 3549 892 3610 alterius
913 3549 988 3609 libri
1012 3550 1165 3609 iacturam
1185 3548 1406 3626 deploramus?
1446 3546 1508 3607 Vix
1529 3567 1592 3617 ιιι

347 3648 517 3726 lachrymis
526 3652 673 3725 tempero,
686 3648 808 3725 quoties
818 3651 962 3707 veterum
973 3649 1161 3725 scriptorum
1173 3646 1328 3724 catalogos
1339 3646 1446 3722 legens
1456 3645 1547 3706 video

347 3767 422 3826 quas
431 3765 506 3824 opes
516 3746 722 3806 amiserimus
753 3745 859 3822 Auget
866 3745 1104 3822 aegritudinem,
1116 3746 1236 3821 quoties
1244 3744 1330 3803 subit
1339 3763 1395 3820 pro
1403 3742 1548 3819 qualibus

347 3846 471 3907 amissis
484 3844 589 3922 qualia
607 3863 690 3904 nunc
705 3842 801 3922 vulgo
822 3843 972 3920 legamus.
1016 3842 1154 3903 Proinde
1175 3842 1318 3903 studium
1339 3841 1423 3901 istud
1443 3844 1545 3917 tuum,

348 3943 463 4005 hlarde
486 3941 676 4015 charissime,
701 3961 766 4001 non
789 3960 917 4018 possum
942 3961 1006 4001 non
1029 3939 1209 4015 exosculari,
1236 3938 1319 4016 quod
1342 3940 1489 3999 eruendis
1512 3941 1548 4000 in

349 4041 448 4102 lucem
464 4043 607 4100 veterum
628 4040 845 4099 monumentis
864 4039 1032 4117 impendis,
1048 4037 1231 4116 praesertim
1252 4039 1358 4115 siqua
1376 4040 1451 4097 sunt
1470 4038 1547 4098 eius·
1561 4061 1591 4111 35

351 4139 433 4201 modi
451 4141 488 4197 vt
509 4156 581 4197 cum
600 4156 673 4198 vere
693 4137 810 4214 pietate
826 4155 932 4196 veram
953 4136 1162 4196 eruditionem
1184 4136 1459 4214 eloquentiamque
1480 4155 1546 4196 con·

379 4317 400 4361 7.
422 4300 563 4360 velutique
573 4315 618 4346 aa:
635 4298 720 4347 veluti
731 4296 781 4358 Gi.
850 4313 889 4347 ιο.
908 4299 998 4361 pingit
1009 4317 1031 4360 η.
1102 4315 1139 4349 11.
1157 4299 1285 4349 Isocratis
1295 4316 1321 4361 γ.
1399 4314 1436 4347 ia.
1454 4303 1548 4347 tamen

350 4384 392 4428 aq:
410 4382 456 4414 orn.
471 4361 491 4423 ζ·
592 4378 631 4411 aa.
650 4379 685 4413 ne
695 4362 727 4424 o(
735 4382 740 4411 :
759 4379 814 4412 non
827 4379 846 4412 ι.
946 4378 987 4426 3ο.
1005 4381 1050 4413 oa:
1069 4366 1200 4414 iacturam
1213 4365 1276 4414 libri
1287 4363 1326 4427 γζ.

352 4520 449 4575 acvpiod
459 4519 618 4576 propinquum
630 4528 700 4561 suum
712 4530 739 4561 ex
750 4515 922 4570 Grecoinhoii·
972 4514 1059 4563 Greek
1074 4512 1189 4575 original
1205 4517 1233 4561 at
1248 4512 1416 4573 Roermoud;
1433 4512 1483 4562 but
1498 4511 1546 4561 the

353 4595 406 4629 aare
422 4595 550 4630 ιιπιιιιιιιιι
562 4594 605 4638 prr
621 4584 761 4638 magistriam
777 4582 922 4635 Rodotptum
971 4581 1119 4627 statement
1131 4579 1154 4626 is
1165 4577 1266 4639 clearly
1277 4592 1313 4626 an
1326 4592 1407 4627 error.

352 4651 481 4707 Apicatam
494 4650 610 4706 mado,
623 4642 806 4711 (Deventer),
818 4643 873 4692 Jac.
888 4643 922 4693 de
1005 4659 1045 4705 23.
1069 4642 1242 4705 Gennadius]
1271 4643 1401 4692 Erasmus
1429 4644 1453 4691 ls
1480 4643 1546 4693 here

354 4710 444 4770 breda,
457 4728 476 4760 a
486 4727 525 4771 o.;
537 4710 628 4760 which
640 4713 673 4770 is,
689 4712 719 4758 in
734 4710 795 4771 iaci,
806 4709 852 4757 the
865 4712 922 4767 Epi·
971 4710 1087 4770 quoting
1102 4709 1149 4757 the
1165 4712 1284 4768 θιιιιιοριιι
1301 4712 1427 4757 intumum
1442 4713 1546 4759 virorum

354 4783 402 4825 mlo
418 4781 534 4837 Ειιιλινίί,
548 4781 576 4825 to
592 4777 684 4824 which
697 4776 825 4824 Erasmus
838 4778 922 4822 wrote
972 4774 1001 4823 of
1011 4773 1171 4824 Gennadius
1183 4773 1212 4823 of
1220 4773 1371 4823 Maraeilles
1383 4775 1419 4840 (li.
1432 4790 1454 4824 ι
1466 4777 1547 4837 495);

354 4843 403 4893 this
427 4842 540 4905 preiace.
583 4842 618 4891 In
641 4842 689 4890 the
715 4843 769 4889 Vita
790 4843 920 4900 apricam,
972 4839 1063 4888 which
1073 4839 1108 4888 he
1117 4840 1286 4889 hadedrted
1279 4842 1468 4890 inconnerron
1477 4842 1546 4891 with

355 4908 458 4957 whicb'
451 4923 475 4957 ιι
487 4907 627 5035 probably)
626 4908 663 4969 by
673 4907 763 4957 Goswi
754 4922 784 4954 ιιι
794 4905 922 4954 oillalen
971 4906 1003 4954 Je
1004 4906 1102 4954 romes
1119 4908 1151 4954 Cu
1153 4909 1240 4965 taloque
1259 4909 1397 4964 emptorum
1412 4911 1488 4956 sederi
1489 4913 1547 4954 orti·

472 4975 530 5036 839.
546 4988 637 5034 11n.,
653 4971 803 5036 rrcola
796 4985 820 5020 ιι
834 4985 922 5034 repre
972 4970 1151 5021 ceraminthe
1166 4971 1270 5020 edition
1286 4973 1316 5020 oi
1332 4973 1470 5037 156(vol
1485 4973 1546 5035 ivn

356 4973 922 5101 abtedmnyingtbathehadiounda
976 5037 1428 5100 119seq,andvol.ii,t.160v⁰,.

917 5138 980 5179 112
