3867 6034
390 697 430 756 78
738 692 927 756 LETTERS
955 693 1009 755 OF
1035 692 1237 755 ERASMUS
1492 688 1587 772 [1517

388 851 531 913 fortassis
550 850 635 912 aliud
657 850 823 911 mirabitur
842 868 876 909 ao
895 848 1043 910 laudibus
1057 848 1160 911 vehet.
1204 846 1286 908 Mihi
1303 848 1385 909 nihil
1403 868 1468 909 nou
1487 847 1589 925 suspi-

362 975 375 1023 5
389 949 483 1011 cienti
495 948 574 1010 illud
588 948 736 1029 inprimis
747 947 905 1027 probatur,
920 947 1003 1027 quod
1017 966 1090 1009 cum
1104 947 1172 1025 ipse
1184 966 1242 1025 pro
1255 966 1324 1008 rara
1341 947 1475 1024 quadam
1488 944 1590 1007 animi

388 1048 577 1127 perspicacia
597 1047 699 1127 sapias
719 1046 905 1125 plurimum,
925 1050 1033 1109 tamen
1054 1046 1246 1124 prudentum
1271 1048 1303 1106 et
1327 1045 1530 1120 eruditorum,
1555 1064 1590 1107 ac

388 1144 589 1223 potissimum
603 1164 711 1206 eorum
728 1143 784 1222 qui
801 1142 943 1206 nesciant
960 1144 1001 1206 ad
1018 1142 1152 1221 gratiam
1164 1141 1259 1222 loqui,
1275 1142 1484 1205 familiaribus
1498 1141 1592 1204 collo·

389 1241 473 1320 quiis
491 1242 634 1319 gaudeas,
654 1241 782 1319 perinde
803 1240 891 1318 quasi
912 1240 1123 1319 Sophocleum
1143 1239 1223 1301 illud
1243 1239 1359 1301 alicubi
1379 1239 1590 1318 legeris-nec

389 1339 497 1401 dubito
511 1340 587 1417 quin
600 1338 753 1417 legeris-

348 1490 378 1525 10
690 1470 782 1547 Σοφοὶ
801 1472 929 1548 τύραννα
947 1473 1004 1531 τῶν
1023 1473 1124 1545 σοφῶν
1143 1470 1290 1549 συνουσίᾳ,

390 1603 422 1663 id
437 1607 485 1664 est
498 1604 598 1681 Reges
610 1604 767 1681 sapientes
780 1603 956 1664 redduntur
968 1600 1147 1682 sapientum
1161 1602 1328 1665 hominum
1345 1602 1590 1663 consuetudine:

390 1723 463 1764 oum
476 1702 589 1781 primis
601 1705 717 1777 autem,
735 1704 817 1779 quod
838 1700 921 1761 inter
937 1701 987 1761 tot
1005 1700 1102 1778 regni,
1118 1700 1183 1761 imo
1200 1700 1323 1777 mundi,
1341 1700 1468 1778 negocia
1482 1700 1592 1761 nullus

343 1804 346 1811 '
390 1800 449 1861 tibi
469 1819 547 1877 pene
568 1798 635 1860 dies
656 1798 746 1860 abeat
767 1799 801 1859 in
818 1818 880 1877 quo
899 1817 964 1859 non
982 1796 1119 1876 aliquam
1139 1798 1292 1877 temporis
1309 1798 1486 1877 portionem
1500 1796 1592 1859 libris

390 1897 574 1960 euoluendis
583 1898 754 1975 impartias,
767 1915 900 1975 cumque
909 1895 1022 1975 priscis
1032 1895 1099 1957 illis
1109 1895 1300 1975 sapientibus
1310 1894 1446 1975 colloqui
1456 1896 1591 1973 gaudeas

348 2010 378 2060 ¹5
391 1995 447 2075 qui
466 1994 598 2055 minime
623 1995 767 2056 omnium
790 1995 997 2071 maculentur,
1018 1996 1113 2073 atque
1136 1995 1188 2055 his
1208 1994 1372 2073 praecipue
1394 1993 1485 2054 libris
1508 1996 1592 2056 vnde

390 2093 551 2167 cordatior,
577 2093 689 2155 melior
713 2113 870 2172 regnoque
894 2092 1003 2155 utilior
1027 2091 1185 2167 discedas3
1214 2091 1307 2171 longe
1334 2092 1523 2154 dissentiens
1551 2092 1591 2154 ab

391 2193 524 2254 istorum
538 2190 685 2270 opinione
702 2192 757 2270 qui
775 2191 959 2253 existimant
974 2190 1113 2269 egregios
1130 2190 1287 2270 principes
1303 2211 1322 2252 a
1341 2190 1429 2251 nulla
1443 2212 1477 2251 re
1490 2192 1591 2269 magis

390 2290 496 2351 abesse
517 2291 659 2368 oportere
680 2310 775 2369 quam
793 2309 813 2350 a
831 2289 921 2351 libris
939 2288 1108 2367 studioque
1128 2288 1362 2367 philosophiae;
1392 2292 1446 2350 uut
1467 2290 1495 2351 si
1516 2289 1592 2369 quid

391 2388 487 2450 etiam
500 2388 719 2465 attingendum
731 2388 774 2449 sit
783 2388 946 2464 librorum,
959 2387 1042 2449 nihil
1056 2386 1119 2448 nisi
1132 2386 1281 2448 ridiculas
1295 2391 1326 2449 et
1335 2386 1391 2448 vix
1405 2388 1593 2451 mulieribus

348 2502 378 2537 ²0
391 2485 502 2562 dignas
534 2485 656 2547 fabulas
685 2506 830 2565 maraque
861 2484 1017 2547 stulticiae
1048 2504 1084 2545 ac
1116 2484 1271 2546 viciorum
1303 2483 1500 2546 irritamenta
1530 2487 1593 2565 legi

390 2585 547 2662 oportere:
575 2584 706 2662 perinde
730 2585 820 2663 quasi
843 2586 920 2645 haec
945 2585 1006 2645 duo
1031 2603 1070 2644 ex
1093 2582 1246 2645 diametro
1274 2582 1358 2643 inter
1381 2603 1415 2643 ae
1437 2589 1589 2661 pugnent,

391 2702 499 2759 sapere
511 2684 544 2742 et
556 2681 730 2760 principem
744 2702 843 2763 agere,
861 2702 934 2743 cum
952 2682 998 2742 ita
1016 2682 1099 2742 iuter
1118 2701 1150 2743 se
1169 2681 1336 2742 cohereant
1355 2684 1398 2757 vt,
1415 2681 1442 2741 si
1455 2681 1592 2743 alterum

390 2779 480 2840 alteri
493 2779 622 2853 adimere,
639 2781 720 2841 nihil
733 2782 797 2841 iam
816 2780 977 2858 relinquas
992 2781 1115 2858 praeter
1131 2779 1259 2840 inanem
1275 2778 1425 2857 principis
1439 2779 1592 2856 titulum;

391 2877 647 2955 cenotaphiomm
654 2877 755 2939 instar
763 2897 841 2957 quae
849 2878 980 2939 nomina
988 2880 1114 2937 tantum
1122 2877 1328 2938 etstemmata
1335 2875 1412 2938 foris
1421 2880 1590 2952 ostentant,

347 2990 376 3041 25
391 2994 463 3035 cum
477 2976 565 3035 intus
578 2995 675 3036 vacua
687 2976 761 3038 sint.
803 2976 911 3052 Porro,
927 2974 1194 3054 quemadmodum
1207 2974 1351 3035 cordatus
1364 2994 1400 3035 ac
1417 2974 1490 3052 pius
1505 2976 1592 3053 prin·

390 3091 463 3151 ceps
476 3073 623 3133 omnibus
637 3073 728 3152 sapit,
746 3075 895 3136 omuibus
907 3072 1027 3152 vigilat,
1040 3073 1187 3133 omnibus
1200 3072 1351 3151 prospicit
1363 3073 1399 3132 in
1413 3093 1589 3151 commune,

389 3175 425 3230 vt
445 3171 499 3250 qui
519 3171 681 3249 publicum
703 3172 868 3251 negocium
887 3175 985 3249 gerat,
1007 3189 1071 3231 non
1093 3190 1186 3232 suum
1197 3192 1205 3246 ;
1229 3171 1275 3232 ita
1294 3190 1351 3248 par
1371 3174 1419 3233 est
1439 3175 1476 3232 vt
1495 3172 1593 3234 huius

390 3288 479 3330 curas
496 3288 531 3330 ac
549 3270 779 3332 sollicitudines
792 3290 848 3348 pro
867 3290 923 3330 sua
940 3270 1074 3348 quisque
1091 3268 1233 3346 portione
1250 3267 1338 3330 virili
1357 3272 1487 3330 conetur
1505 3269 1593 3333 adiu·

389 3387 471 3429 uara
515 3367 559 3427 Et
573 3388 635 3445 quo
651 3368 746 3430 latius
764 3368 906 3446 imperat,
922 3367 982 3429 hoc
1001 3367 1101 3447 magis
1119 3368 1189 3446 eget
1206 3365 1265 3427 hoc
1282 3367 1454 3428 officiorum
1468 3387 1590 3445 genere.

347 3481 378 3529 30
390 3466 518 3528 Eximia
534 3466 669 3543 quedam
686 3466 771 3527 iuter
788 3465 936 3527 mortales
954 3486 1004 3528 res
1023 3468 1071 3526 est
1090 3466 1258 3527 monarcha
1278 3484 1314 3526 ac
1333 3466 1427 3544 plane
1448 3467 1593 3529 numinis

389 3566 496 3639 instar,
512 3564 567 3625 sed
581 3560 676 3625 homo
688 3569 807 3626 tamen.

430 3663 497 3741 Ego
515 3682 600 3737 vero,
617 3664 742 3742 quando
761 3664 836 3726 solis
854 3660 1005 3723 litterulis
1024 3664 1102 3724 meis
1118 3662 1179 3723 hoc
1196 3662 1289 3724 officii
1307 3682 1442 3740 pensum
1461 3684 1593 3741 possum

390 3761 515 3838 regibus
529 3761 714 3839 persoluere,
730 3761 852 3841 pridem
865 3759 1012 3821 libellum
1026 3758 1191 3821 Plutarchi
1208 3760 1255 3820 De
1273 3761 1395 3821 ratione
1409 3762 1594 3824 dinoscendi

389 3859 584 3920 adulatorem
597 3860 637 3920 ab
650 3862 759 3937 amico,
775 3861 904 3921 eGreco
921 3859 1073 3919 Latinum
1087 3858 1155 3933 feci,
1172 3861 1306 3937 tuaeque
1319 3859 1475 3920 maiestati
1489 3860 1593 3923 dicaui

346 3970 377 4021 35
388 3976 444 4034 per
457 3958 756 4019 reuerendissimum
767 3959 804 4020 D.
816 3957 1022 4032 cardinalem,
1035 3956 1090 4035 qui
1105 3956 1165 4017 tibi
1175 3955 1210 4018 iu
1221 3957 1310 4035 regni
1320 3957 1593 4021 administratione

389 4054 423 4115 id
447 4056 494 4115 est
519 4054 602 4131 quod
627 4056 703 4116 olim
728 4056 865 4118 Theseus
889 4054 1023 4118 Herculi
1046 4057 1102 4117 aut
1125 4055 1263 4116 Achates
1286 4057 1418 4116 Aeneae.
1470 4059 1591 4120 Verum

389 4153 540 4233 quoniam
559 4152 593 4213 id
612 4155 761 4232 temporis
781 4154 816 4215 in
837 4154 957 4216 medias
976 4153 1131 4216 bellorum
1150 4153 1299 4231 procellas
1317 4154 1443 4232 publica
1457 4159 1593 4233 quedam

388 4273 423 4314 ac
445 4250 550 4314 fatalis
574 4250 660 4313 orbis
681 4252 853 4314 Christiani
876 4256 1048 4331 tempestas
1072 4252 1177 4315 subito
1201 4254 1233 4314 te
1257 4251 1402 4331 abripuit
1427 4274 1491 4314 non
1516 4258 1592 4318 satis

387 4350 525 4427 vacabat,
541 4349 659 4428 opinor,
676 4349 794 4412 litteris
806 4350 978 4427 attendere,
994 4370 1067 4412 cum
1081 4369 1130 4412 ras
1142 4351 1225 4412 ferro
1238 4353 1318 4412 esset
1332 4352 1459 4429 agenda
1498 4353 1591 4416 Nunc

344 4463 377 4511 40
387 4448 485 4527 igitur
498 4449 643 4524 eundem,
659 4447 733 4509 licet
746 4448 809 4510 iam
830 4447 898 4509 orbi
916 4448 1112 4526 publicatum
1130 4468 1166 4509 ac
1180 4450 1313 4510 teruium
1327 4449 1413 4528 typis
1428 4469 1588 4528 excusum,

423 4641 460 4676 11.
478 4629 644 4692 sapientium
656 4632 686 4678 N.
822 4643 858 4691 15·
883 4630 1103 4678 assentauturH.
1239 4629 1277 4677 16.
1301 4634 1340 4678 D:
1358 4630 1528 4681 discentieus
1538 4636 1591 4687 ils.

387 4706 427 4741 ar.
446 4697 485 4740 D:
501 4693 702 4745 deametroMS.
789 4709 829 4757 25.
847 4697 960 4744 acm:
975 4697 1043 4743 etl).
1117 4708 1157 4755 ²7·
1175 4694 1288 4756 geritH.
1372 4710 1413 4756 33.
1430 4697 1592 4748 dinoscendi

387 4761 422 4806 D:
445 4758 621 4819 cognoscendi
638 4764 700 4821 MS,
719 4775 809 4809 maon
825 4764 847 4809 D
861 4764 889 4808 ia
904 4774 980 4820 mm.
1121 4773 1162 4822 35.
1187 4759 1448 4811 reuerendissimum
1466 4761 1499 4813 D.
1518 4768 1589 4815 lisa

388 4832 466 4872 tuum
476 4826 508 4872 Η.
608 4827 649 4885 3⁶·
670 4825 700 4874 id
712 4829 753 4875 est
764 4830 804 4874 D:
820 4826 850 4875 id
862 4825 914 4874 tibi
927 4828 967 4875 eat
978 4828 1030 4874 MS.

700 4991 738 5025 ιο.
757 4973 936 5039 reau1s0pu.
950 4979 992 5024 lt.
1005 4989 1035 5025 ra
1048 4991 1055 5037 ;
1072 4975 1105 5025 ot.
1120 4978 1201 5037 Adae.
1213 4990 1286 5038 2497.
