3867 6034
453 710 515 770 eoo
800 707 992 770 nurnero
1019 708 1074 770 ou
1101 707 1302 770 usasuus
1556 694 1657 787 [1518

394 892 441 929 roo
453 864 566 925 hulcus
585 866 752 925 accesserat
771 864 805 923 iu
826 866 923 941 tergo,
943 864 1027 940 quod
1047 863 1196 924 minister
1215 864 1329 924 iecerat
1349 864 1494 941 Tungris,
1513 864 1592 924 dum
1614 864 1658 925 ob

453 981 568 1023 renum
588 960 727 1023 dolorem
748 981 870 1039 vngons
889 981 940 1022 me
957 961 1026 1022 oleo
1042 980 1165 1022 rosaceo
1184 961 1284 1039 digito
1302 961 1418 1023 calloso
1430 962 1542 1022 durius
1562 962 1659 1023 fricat

453 1062 571 1121 costam
590 1059 758 1136 quandam
802 1059 842 1119 Id
859 1062 931 1136 post
944 1057 1159 1119 exulceratum
1171 1062 1231 1119 est.
1274 1059 1429 1120 limeret
1442 1062 1476 1119 et
1488 1060 1582 1137 glans
1595 1060 1659 1121 sub

454 1156 582 1218 dextua
590 1156 767 1217 mammilla
776 1155 925 1230 mobilis;
943 1175 1056 1217 rerum
1067 1156 1192 1217 escitra
1201 1156 1464 1218 exulcerationem
1475 1178 1532 1219 sua
1541 1161 1659 1235 sponte

453 1255 572 1316 sensim
592 1254 730 1315 euanuit
772 1253 895 1314 Abiens
911 1253 1079 1332 chirurgus
1092 1254 1175 1315 clam
1189 1254 1269 1315 dicit
1282 1255 1472 1316 Theodorico
1486 1259 1519 1315 ot
1532 1256 1660 1317 famulo

395 1388 440 1440 ²05
452 1356 574 1433 pestem
587 1372 673 1414 esse:
694 1352 867 1413 missurum
880 1352 1010 1430 quidem
1021 1352 1212 1429 malagmata
1224 1372 1266 1426 se,
1282 1373 1348 1413 non
1362 1357 1533 1414 venturum
1547 1356 1659 1414 autem

453 1452 559 1531 ipsum
584 1451 624 1511 ad
648 1468 709 1510 me
761 1448 855 1510 Mitto
878 1448 993 1509 lotium
1016 1449 1055 1509 ad
1079 1450 1224 1525 medicos,
1252 1453 1369 1528 negant
1390 1451 1557 1529 quicquam
1586 1468 1659 1511 esse

453 1549 573 1611 morbi:
595 1566 720 1608 rursum
740 1547 818 1608 alios
838 1547 978 1620 consulo,
992 1546 1076 1608 idem
1096 1548 1263 1609 affirmant
1306 1550 1441 1608 Accerso
1462 1547 1656 1623 Hebraeum,

454 1647 483 1709 is
498 1646 628 1725 optabat
643 1645 706 1706 tale
719 1664 831 1723 corpus
844 1664 939 1705 suum
953 1645 1045 1722 quale
1058 1666 1166 1707 meum
1180 1650 1261 1707 esset
1274 1649 1356 1707 teste
1368 1646 1457 1708 lotio.
1490 1646 1572 1708 cum
1588 1665 1658 1707 non

453 1745 574 1816 rediret
583 1764 646 1806 vno
660 1746 753 1820 utque
767 1743 866 1803 altero
880 1742 932 1803 die
945 1743 1120 1821 chirurgus,
1136 1762 1212 1822 rogo
1226 1744 1454 1805 Theodericum
1468 1744 1543 1822 quid
1557 1744 1601 1805 sit
1619 1744 1659 1804 in

396 1863 555 1917 210causa.
608 1843 744 1903 Excumt
767 1841 822 1901 ille
841 1841 945 1902 nescio
965 1841 1050 1919 quid.
1101 1844 1147 1903 At
1167 1862 1225 1921 ego
1254 1862 1323 1902 rem
1342 1843 1505 1919 suspirans
1535 1842 1659 1918 ‘Quid’

452 1944 592 2021 inquam,
617 1941 712 2001 ‘num
736 1939 851 1999 iudicat
873 1959 940 2000 esse
962 1942 1128 2017 pestem?'
1172 1940 1262 2000 ‘Hoc
1285 1940 1410 2017 ipsum'
1435 1940 1540 2017 inquit
1567 1943 1660 2000 ‘con-

453 2043 574 2103 stanter
587 2038 730 2113 affirmet,
744 2040 809 2098 tres
826 2056 893 2098 esse
911 2036 1138 2099 carbunculos!
1179 2037 1248 2099 Risi
1265 2039 1351 2109 satis,
1369 2058 1428 2098 nec
1440 2037 1540 2099 vllem
1556 2039 1660 2115 pestis

453 2138 711 2215 imaginationem
725 2135 858 2198 demitto
872 2137 908 2197 in
920 2136 1074 2197 animum.

495 2237 575 2297 Post
588 2235 653 2296 dies
666 2235 788 2312 aliquot
800 2234 888 2295 veuit
905 2234 1045 2312 chirurgi
1061 2236 1158 2312 pater,
1174 2233 1309 2311 inspicit,
1324 2234 1409 2294 idem
1428 2234 1554 2309 iudicat,
1571 2237 1604 2294 et
1621 2235 1658 2295 in
1743 2273 1748 2282 -

396 2371 441 2419 ²15
455 2356 491 2398 os
504 2338 659 2396 asseuerat
672 2353 855 2411 germanum
868 2353 936 2394 esse
946 2337 1076 2411 pestem
1121 2332 1168 2392 Ne
1178 2332 1223 2393 sic
1238 2331 1365 2410 quidem
1379 2332 1463 2393 mihi
1472 2332 1659 2410 persuaderi

455 2435 566 2513 potuit
608 2433 744 2491 Accerso
757 2432 839 2492 clam
852 2431 989 2492 alterum
1002 2430 1185 2508 chirurgum
1200 2430 1465 2508 magninominis
1508 2428 1657 2507 Inspicit,

455 2533 483 2593 is
496 2550 579 2604 vero,
590 2534 627 2590 vt
640 2533 707 2590 erat
719 2530 814 2591 homo
824 2529 979 2605 rusticior,
998 2529 1046 2589 ‘N
1047 2549 1089 2590 on
1099 2528 1241 2590 vererer'
1254 2529 1367 2605 inquit,
1384 2533 1392 2559 ⁴
1405 2532 1510 2588 tecum
1521 2528 1638 2589 cubare
1651 2549 1660 2600 ;

455 2632 547 2707 et,.si
566 2629 682 2688 mulier
701 2647 794 2703 esses,
817 2649 885 2689 rem
906 2649 1030 2706 quoque
1060 2632 1166 2689 tecum
1194 2626 1330 2689 habore!
1382 2625 1473 2688 Idem
1499 2626 1659 2688 sentiebat

456 2727 628 2789 Hebraeus
669 2727 803 2787 Accerso
830 2726 988 2787 medicum
1024 2726 1182 2803 quendam
1216 2726 1267 2785 cui
1299 2724 1474 2803 plurimum
1508 2725 1659 2786 tribuunt

397 2861 444 2897 ,ω
456 2824 608 2886 Louanii:
629 2843 703 2885 num
720 2824 771 2883 hic
790 2824 890 2885 bonos
906 2843 975 2884 esse
992 2824 1131 2885 medicos
1149 2823 1319 2885 admodum
1338 2826 1386 2884 est
1406 2842 1523 2884 rarum.
1566 2824 1658 2902 Rogo

456 2922 600 2999 nunquid
628 2921 704 2981 mali
731 2922 932 3000 portenderet
959 2922 1077 2997 rrine3
1109 2925 1210 3001 negat
1264 2922 1365 2982 Narro
1394 2922 1434 2982 de
1463 2920 1655 2997 hulceribus,

455 3021 574 3083 sddens
586 3025 773 3097 argumenta
786 3020 901 3098 quibus
915 3019 1095 3098 colligerem
1110 3040 1174 3081 non
1191 3039 1259 3082 esso
1271 3022 1400 3097 pestem.
1438 3020 1577 3081 Huloera
1590 3040 1657 3082 non

455 3121 546 3181 erant
559 3137 642 3179 noua
655 3137 757 3197 neque
770 3122 883 3196 sponte
897 3121 980 3180 nuta
1024 3118 1161 3181 Giandes
1177 3118 1380 3179 ambulabant
1394 3118 1506 3192 initio;
1528 3137 1607 3196 quae
1620 3118 1656 3179 in
1710 3183 1714 3192 ,

455 3219 527 3280 leno
541 3220 607 3278 erut
621 3217 759 3295 inguine,
769 3236 900 3294 semper.
945 3216 1043 3277 Nulla
1055 3216 1160 3290 febris,
1171 3215 1280 3277 nullus
1293 3216 1430 3293 insignis
1439 3215 1551 3292 capitis
1563 3216 1658 3278 dolor

396 3351 441 3403 ²²⁵
455 3314 568 3377 nisiob
578 3315 789 3390 iactationem,
797 3315 886 3375 nulla
896 3314 1116 3390 somnolentia,
1128 3315 1268 3392 palatum
1276 3317 1426 3391 perpetuo
1434 3313 1657 3374 sanissimum:

454 3412 595 3476 vomitus
624 3415 690 3473 erat
711 3431 777 3473 non
797 3412 935 3486 obortus,
957 3414 1012 3473 sed
1033 3415 1229 3491 prouocatus,
1252 3412 1500 3488 necquicquam
1521 3412 1655 3472 eiectum]

455 3516 575 3591 praeter
603 3510 730 3589 piscem.
783 3510 830 3571 Eo
851 3515 1038 3572 exoneratus
1057 3511 1180 3588 quieuit
1200 3511 1398 3571 stomachus:
1427 3508 1511 3587 quod
1539 3509 1657 3570 deinde

454 3610 560 3670 cibum
581 3608 755 3686 respuebat,
777 3610 934 3685 peculiare
964 3611 1021 3669 est.
1075 3607 1210 3669 Nullum
1237 3608 1365 3684 signum
1395 3608 1493 3685 pestis
1519 3606 1657 3668 habebat

454 3708 580 3770 lotium.
611 3706 740 3768 Caetera
753 3710 803 3767 sat
815 3706 938 3767 fortiter
950 3707 1111 3768 audierat:
1131 3711 1164 3768 at
1178 3706 1368 3784 simulatque
1379 3705 1520 3767 ulcerum
1533 3706 1655 3766 mentio

394 3842 442 3894 ²³0
455 3805 537 3866 iacta
566 3808 622 3880 est,
652 3806 737 3865 sensi
767 3804 930 3866 hominem
961 3805 1188 3882 pertimescere.
1238 3805 1287 3865 Do
1318 3802 1440 3864 medico
1469 3807 1655 3865 coronatum

454 3922 592 3977 aureum,
619 3901 781 3981 pollicitus
806 3906 853 3964 est
880 3923 913 3964 se
941 3906 1013 3983 post
1040 3902 1210 3981 prandium
1236 3902 1275 3964 ad
1303 3922 1354 3963 me
1381 3902 1568 3963 rediturum.
1619 3901 1655 3962 Is

454 3998 584 4061 territus
604 4020 642 4060 ex
663 4001 803 4062 oratione
828 4000 929 4062 mittit
953 3999 1145 4062 ministrum.
1187 3999 1312 4077 Reiicio,
1334 4004 1367 4060 et
1395 3999 1495 4061 iratus
1523 3998 1656 4060 medicis

455 4099 579 4161 Christo
592 4099 713 4161 medico
726 4119 778 4160 me
793 4099 988 4162 commendo.
1136 4113 1143 4122 '

495 4197 682 4260 Stomachus
702 4198 789 4259 intra
812 4198 1142 4260 triduum'restitutus
1161 4201 1221 4272 est,
1241 4197 1354 4258 hausto
1373 4194 1460 4271 pullo
1483 4194 1656 4273 gallinaceo

394 4329 441 4379 ²35
454 4301 587 4358 contuso
607 4299 640 4356 et
660 4297 774 4375 cyatho
795 4297 865 4357 viui
883 4296 1059 4358 Belnensis
1102 4295 1166 4357 Hic
1186 4294 1331 4374 protinus
1350 4293 1389 4354 ad
1410 4292 1510 4353 studii
1530 4312 1655 4372 quoque

453 4395 593 4457 laborem
612 4414 758 4456 reuersus
777 4394 907 4455 absoluo
928 4394 1012 4473 quod
1032 4395 1140 4455 deerat
1161 4394 1195 4453 in
1217 4393 1310 4453 Nouo
1322 4392 1531 4453 Testamento.
1575 4389 1657 4452 Post
1753 4434 1755 4441 ,

454 4492 667 4573 septendecim
682 4492 751 4553 dies
768 4493 883 4553 excidit
898 4513 937 4554 ex
956 4493 1116 4555 ulceribus
1134 4511 1205 4552 cero
1221 4491 1313 4568 nigra
1331 4508 1368 4549 ac
1383 4490 1548 4564 emortua3
1570 4490 1654 4567 quod

453 4591 593 4670 chirurgi
622 4592 767 4652 futurum
795 4592 1021 4670 praedixerant.
1075 4590 1175 4652 Glans
1199 4589 1256 4650 illa
1278 4607 1358 4667 quae
1378 4590 1445 4648 erat
1465 4587 1500 4647 in
1522 4586 1656 4666 inguine

454 4692 593 4767 sinistro,
615 4691 680 4751 iem
700 4690 903 4767 intumuerat,
927 4691 1007 4752 citra
1027 4690 1166 4750 dolorem
1187 4689 1303 4762 tamen,
1326 4704 1442 4764 magno
1463 4704 1533 4745 meo
1553 4687 1652 4746 metu

394 4794 396 4797 γ
486 4835 544 4883 ²03·
562 4819 642 4869 ΕΝἰ
662 4821 785 4871 mamilla
796 4825 824 4869 Η
832 4825 907 4871 lond.
1002 4821 1058 4870 eoo.
1075 4820 1166 4883 ipsum
1176 4821 1232 4867 cdd.
1245 4821 1273 4866 F.
1370 4828 1428 4877 2¹5·
1446 4815 1486 4865 Ne
1498 4818 1536 4863 h:
1553 4815 1609 4864 h'ec
1619 4819 1652 4866 Η.

453 4901 511 4948 235·
529 4890 576 4933 EN
586 4904 592 4935 ι
609 4888 673 4936 vino
684 4891 717 4938 Η.

673 5019 729 5065 207.
750 5002 917 5064 Hebraeum]
937 5001 1093 5050 Matthaeus
1103 4999 1242 5049 Adrianus
1254 5015 1261 5046 ι
1278 4998 1338 5047 liin
1349 5010 1426 5056 marg.
