3867 6034
454 713 516 773 372
801 709 995 773 LETTERS
1023 707 1077 770 OF
1099 707 1304 771 'ERASMUS
1558 701 1659 786 [1518

453 867 538 928 dicat
562 866 689 945 aliquid,
711 887 775 928 non
795 866 911 926 desunt
930 886 949 926 a
969 864 1085 943 quibus
1105 867 1234 925 notetur
1246 862 1335 923 velut
1356 861 1514 922 Ebionitis
1535 860 1658 921 fauens.

391 984 441 1035 390
454 964 489 1025 si
507 964 579 1041 quis
598 963 773 1042 impensius
794 964 978 1024 adhortetur
994 966 1031 1024 vt
1051 963 1107 1040 qui
1125 962 1270 1039 coniugio
1292 960 1429 1039 copulati
1452 963 1537 1033 suut,
1554 959 1658 1036 magis

453 1063 569 1141 pietate
581 1066 614 1123 et
626 1062 805 1123 animorum
819 1081 976 1123 consensu
990 1081 1085 1139 quam
1104 1080 1268 1139 corporum
1282 1059 1445 1136 complexu
1460 1058 1653 1133 cohaereant,

452 1160 544 1221 etita
563 1180 641 1238 pure
662 1160 766 1221 colant
785 1160 1027 1221 matrimonium
1040 1162 1077 1220 vt
1091 1157 1270 1237 virginitati
1290 1157 1391 1235 quoad
1412 1158 1517 1233 potest
1530 1154 1659 1215 similli-

452 1277 543 1319 mum
567 1260 619 1332 su,
641 1258 676 1319 in
700 1258 914 1336 suspicionem
937 1260 1068 1318 vocatur
1091 1257 1183 1333 quasi
1209 1275 1283 1317 cum
1307 1255 1503 1316 Marcionitis
1529 1272 1661 1314 omnem.

452 1356 571 1417 coitum
584 1376 734 1433 spurcum
748 1357 849 1417 ducat
893 1355 1019 1433 Siquis
1036 1355 1203 1415 admoneat
1215 1356 1252 1414 vt
1271 1353 1306 1414 in
1327 1352 1478 1426 diatribis‚
1493 1352 1659 1429 praecipue

392 1474 439 1528 ³95
452 1453 647 1531 theologicis,
662 1455 746 1515 absit
763 1454 932 1515 ambitiosa
945 1452 1094 1514 vincendi
1113 1471 1229 1529 susque
1250 1451 1362 1511 tuendi
1376 1449 1555 1526 pertinacia,
1572 1449 1658 1510 absit

451 1552 605 1614 theatrica
631 1552 687 1614 illa
713 1552 973 1614 ostentandsrum
997 1551 1115 1611 virium
1149 1548 1288 1625 ambitio,
1315 1568 1380 1609 non
1408 1551 1491 1609 recte
1519 1548 1659 1608 defertur

452 1652 543 1728 quasi
570 1651 695 1712 scholas
719 1651 753 1711 in
774 1654 878 1711 totum
902 1650 1039 1710 damnet
1083 1649 1192 1727 Neque
1216 1647 1304 1709 enim
1326 1647 1421 1707 diuus
1442 1646 1655 1724 Augustinus,

451 1748 626 1810 admonens
654 1748 825 1809 dialecticis
856 1748 1029 1809 cauendam
1056 1767 1126 1808 esse
1159 1745 1286 1806 rixandi
1319 1744 1496 1820 libidinem,
1526 1745 1658 1804 damnat

451 1845 654 1919 dialecticam,
678 1846 733 1906 sed
755 1848 878 1923 pestem
898 1844 986 1906 illius
1008 1844 1159 1919 ostendit,
1181 1846 1218 1903 vt
1238 1843 1366 1903 vitetur.

390 1967 440 2017 400
491 1944 585 2019 Item,
608 1946 637 2004 si
658 1946 730 2023 quis
751 1946 987 2021 praeposterum
1009 1943 1098 2020 vulgi
1122 1942 1275 2002 iudicium
1298 1944 1392 2016 taxet,
1417 1942 1502 2001 iuter
1522 1941 1657 2000 virtutes

450 2044 569 2121 primas
592 2043 763 2104 tribuentis
787 2042 826 2103 iis
851 2062 931 2120 quae
955 2044 1033 2103 sunt
1056 2046 1213 2102 extremae
1236 2040 1357 2113 classis,
1381 2043 1413 2100 st
1436 2042 1552 2113 contra,
1577 2040 1656 2100 item

450 2140 536 2202 inter
555 2141 633 2203 vitia
654 2140 935 2202 vehementissime
959 2140 1147 2201 detestantis
1168 2159 1249 2216 quae
1270 2138 1435 2199 leuissima
1458 2143 1536 2198 sunt
1562 2139 1654 2210 mala

450 2258 523 2301 cum
543 2240 609 2300 sint
630 2239 836 2313 atrocissima,
856 2259 892 2300 ac
914 2241 1108 2312 retrorsum
1129 2238 1275 2314 protinus
1295 2238 1330 2297 in
1351 2237 1402 2297 ius
1421 2240 1550 2296 vocatur
1568 2239 1656 2313 quasi

450 2338 538 2399 vitiis
566 2338 670 2399 faueat
693 2337 807 2415 quibus
834 2338 963 2414 grauius
987 2336 1102 2397 vitium
1130 2336 1305 2414 anteponit,
1332 2335 1502 2412 autquasi
1529 2335 1658 2395 damnet

390 2457 437 2507 4⁰5
450 2434 612 2496 benefacta
639 2435 754 2513 quibus
781 2435 844 2495 alia
870 2436 1005 2513 praefert
1032 2438 1068 2495 vt
1094 2433 1259 2495 sanctiora
1312 2433 1421 2494 Veluti
1447 2433 1477 2493 si
1505 2434 1576 2511 quis
1603 2435 1656 2493 ad·

452 2536 580 2593 moueat
613 2533 714 2594 tutius
749 2553 819 2593 esse
849 2532 1022 2594 benefactis
1050 2533 1146 2593 fidere
1174 2551 1271 2609 quam
1297 2530 1469 2607 pontificiis
1505 2531 1661 2591 condona-

453 2630 603 2704 tionibus‚
626 2650 691 2691 non
711 2632 820 2708 vtique
848 2632 978 2692 damnat
1002 2631 1089 2691 illius
1111 2629 1368 2703 condonationes,
1391 2629 1446 2688 sed
1467 2629 1602 2705 praefert
1623 2629 1655 2689 id

452 2728 536 2806 quod
561 2748 600 2788 ex
625 2727 746 2789 Christi
774 2727 916 2789 doctrina
943 2730 1059 2789 certius
1088 2730 1146 2788 est
1189 2727 1317 2801 Itidem,
1338 2727 1367 2787 si
1392 2728 1463 2804 quis
1489 2729 1657 2788 admoneat

450 2825 566 2887 rectius
583 2826 682 2886 facere
702 2845 756 2886 eoa
774 2825 828 2902 qui
839 2826 926 2886 domi
939 2824 1049 2886 liberis
1064 2828 1096 2885 et
1110 2826 1199 2885 vxori
1213 2825 1421 2885 moderandae
1431 2826 1509 2885 dent
1518 2845 1658 2902 operam,

389 2947 439 2997 4¹0
452 2942 547 3001 quam
566 2923 595 2982 si
607 2923 732 2984 visendi
752 2922 853 3001 gratia
874 2923 1040 2996 Rhomam,
1058 2922 1314 3000 Hierosolymam
1334 2926 1391 2984 aut
1411 2923 1655 3001 compostellam

450 3020 571 3096 adeant,
587 3041 719 3098 eamque
731 3020 899 3099 pecuniam
913 3040 1009 3099 quam
1023 3020 1191 3082 insumunt
1204 3021 1239 3080 in
1253 3021 1380 3097 longam
1397 3042 1433 3083 ac
1447 3022 1656 3099 periculosam

450 3118 685 3196 profectionem,
712 3118 852 3179 sanctius
881 3118 916 3179 in
944 3118 1044 3178 bonos
1073 3138 1108 3179 ac
1130 3136 1221 3178 veros
1249 3137 1402 3195 pauperes
1431 3119 1562 3195 erogari,
1591 3139 1655 3179 non

451 3214 579 3276 damnat
603 3216 693 3293 pium
718 3216 851 3277 istorum
876 3216 1031 3290 affectum,
1052 3216 1107 3275 sed
1131 3216 1265 3277 antefert
1290 3216 1322 3276 id
1348 3217 1430 3293 quod
1455 3219 1583 3293 propius
1606 3221 1654 3277 est

450 3333 544 3375 verae
556 3314 677 3391 pietati.

390 3434 438 3484 4¹5
493 3411 563 3473 Iam
576 3433 651 3473 vero
672 3432 736 3472 non
758 3415 940 3473 nostrorum
960 3412 1057 3473 modo
1078 3414 1258 3489 temporum
1280 3415 1328 3472 est
1351 3413 1503 3489 quaedam
1518 3413 1655 3473 vitiosis

451 3509 601 3572 detentui
622 3510 714 3588 quasi
741 3511 809 3571 sola
836 3511 910 3584 sint,
933 3529 1007 3569 cum
1027 3510 1158 3570 caeteris
1179 3510 1225 3569 ita
1245 3510 1448 3571 blandiamur
1467 3512 1557 3589 quasi
1578 3512 1656 3571 vitio

452 3627 516 3669 nou
541 3607 617 3681 sint,
643 3627 715 3668 cum
739 3608 805 3669 sint
829 3607 898 3667 illis
922 3626 1003 3683 quae
1027 3607 1073 3667 sic
1096 3627 1278 3668 execramur
1301 3610 1460 3671 atrociora
1506 3610 1656 3684 Queritur·

450 3803 601 3880 imputari
625 3804 844 3879 sacerdotibus,
879 3805 1037 3864 caeterum
1063 3803 1217 3864 auariciae
1246 3805 1512 3883 temulentiaeque
1541 3807 1654 3866 vitium

389 3922 439 3973 4²0
451 3920 530 3978 pene
550 3900 636 3961 laudi
655 3900 746 3963 verti.
791 3902 899 3962 Vnum
921 3900 1002 3962 illud
1025 3902 1153 3979 tragicis
1174 3901 1277 3962 modis
1298 3922 1528 3981 exaggeramus,
1546 3907 1655 3982 terque

451 4002 623 4078 quaterque
654 3998 846 4060 horrendum
881 4001 1005 4061 facinus
1039 3999 1153 4060 iisdem
1188 3999 1337 4061 manibus
1371 4004 1506 4062 tractare
1542 4022 1657 4079 corpus

450 4096 571 4158 Christi
584 4097 699 4175 quibus
711 4099 886 4158 attrectatis
900 4118 1013 4175 corpus
1025 4097 1209 4157 meretricis.
1238 4097 1303 4157 Nec
1318 4098 1433 4159 desunt
1447 4100 1502 4177 qui
1517 4100 1654 4160 nimium

450 4196 566 4274 hagios
584 4196 692 4256 ausint
712 4195 884 4271 publicitus
900 4215 1086 4270 asseuerare,
1103 4195 1255 4256 leuiorem
1269 4215 1339 4257 esse
1358 4197 1483 4275 culpam
1498 4198 1526 4258 si
1540 4199 1658 4259 mulier

449 4292 564 4355 habeat
598 4313 664 4354 rem
699 4313 771 4354 cum
807 4294 898 4355 bruta
925 4293 1043 4372 pecude
1070 4313 1165 4372 quam
1199 4314 1272 4354 cum
1308 4295 1474 4355 sacerdote.
1529 4296 1655 4357 Horum

389 4414 436 4466 4²5
450 4391 681 4470 impudentiam
696 4393 750 4470 qui
764 4392 889 4466 refellit,
906 4413 971 4452 non
986 4392 1136 4452 continuo
1150 4391 1234 4452 fauet
1247 4392 1418 4468 impudicis
1433 4394 1655 4466 sacerdotibus,

450 4489 505 4549 sed
529 4489 677 4550 admonet
697 4510 732 4550 ea
752 4490 872 4567 negligi
894 4509 975 4567 quas
995 4490 1097 4568 magis
1115 4492 1206 4550 eraut
1218 4492 1443 4568 exaggeranda.
1486 4492 1544 4553 Est
1558 4512 1656 4553 sacer·

450 4586 508 4648 doa
536 4588 661 4661 nestor,
690 4590 738 4649 est
762 4587 896 4649 bellator
923 4591 979 4649 aut
1005 4587 1165 4664 gladiator,
1194 4592 1244 4649 est
1271 4592 1359 4649 totus
1387 4589 1541 4665 indoctus,
1568 4593 1656 4652 totus

482 4761 540 4809 390·
558 4752 625 4796 sunt
642 4766 675 4798 a:
698 4752 756 4798 sint
772 4753 804 4800 Ν.
930 4763 989 4811 39⁹·
1004 4749 1093 4811 quoad
1111 4767 1143 4799 a:
1167 4764 1249 4811 quam
1266 4754 1299 4798 H.
1427 4766 1484 4813 394.
1502 4754 1532 4800 vt
1549 4756 1607 4800 cdd.
1620 4756 1653 4800 Η.

449 4812 591 4927 &Natant
603 4817 641 4933 zi·
658 4829 794 4931 ΛΜΨ.
813 4815 957 4866 insumant
968 4818 1001 4866 N.
1107 4829 1166 4876 417.
1182 4817 1220 4870 B:
1236 4816 1379 4879 Quaeritur
1392 4837 1413 4866 a
1524 4819 1580 4878 μθ.
1598 4820 1656 4867 auis

825 4996 882 5057 418.
900 4994 1084 5060 Augustinus]
1101 4999 1146 5056 ap.
1159 5009 1199 5047 aa.
1214 5010 1235 5046 1.
1247 5011 1271 5059 3.
