3867 6034
460 702 521 763 sao
808 704 998 766 inruens
1026 704 1079 765 or
1105 702 1306 766 suasurus
1561 699 1661 783 [1519

461 862 652 939 Apostolum
672 863 878 939 interpretum
899 860 1141 937 commentariis,
1156 862 1240 939 quod
1261 862 1336 923 haec
1355 862 1385 922 ei
1406 860 1483 922 eatis
1502 878 1661 938 superque

460 981 517 1040 per
537 982 571 1021 se
591 959 721 1021 obscuro
741 960 914 1037 profundae
934 978 1029 1038 quam
1051 960 1196 1038 plurimis
1209 960 1244 1021 in
1259 960 1336 1022 locis
1350 959 1490 1020 offudere
1502 958 1661 1019 tenebras.

460 1060 674 1121 Vehementer
696 1061 852 1136 praeterea
874 1063 907 1120 et
930 1059 1010 1119 illud
1035 1059 1140 1137 probo,
1163 1061 1245 1138 quod
1270 1059 1380 1121 stilum
1408 1063 1501 1119 tuum
1530 1060 1662 1118 eatenus

416 1168 445 1217 ²5
461 1157 623 1233 demisisti,
647 1160 684 1218 vt
710 1156 905 1234 eloquentiae
931 1157 1039 1218 hostes
1068 1157 1207 1219 fucatum
1236 1177 1413 1218 sermonem
1439 1157 1575 1218 minime
1604 1156 1662 1217 tibi

461 1254 593 1317 obiicere
627 1255 759 1333 possint,
788 1255 843 1316 sed
881 1254 1079 1316 ecclesiastici
1123 1255 1227 1333 potius
1262 1255 1377 1334 eloquii
1421 1254 1661 1333 simplicitatem

461 1357 640 1433 agnoscant,
655 1373 734 1432 quse
761 1354 838 1414 adeo
865 1353 980 1415 leniter
1006 1354 1078 1415 fluit
1091 1359 1126 1415 vt
1149 1353 1261 1415 illiciat
1285 1354 1421 1415 maxime
1445 1354 1607 1430 legentem
1631 1357 1662 1412 et

462 1452 641 1514 diutissime
665 1457 822 1514 recentem
841 1472 965 1530 semper
984 1452 1126 1514 retineat.
1170 1452 1238 1527 Quo
1259 1451 1297 1511 fit
1316 1453 1351 1511 vt
1371 1450 1493 1511 nullam
1513 1450 1661 1528 equidem

461 1553 514 1614 vel
533 1553 568 1612 in
588 1553 648 1613 hac
668 1553 869 1630 simplicitate
888 1551 1086 1630 eloquentiae
1106 1554 1227 1628 partem
1249 1551 1441 1629 desyderem.
1485 1550 1521 1610 Si
1542 1549 1663 1610 Paulus

417 1683 449 1731 30
461 1652 528 1730 ipse
548 1651 643 1713 hodie
667 1653 848 1727 resurgeret
865 1651 941 1728 quid
965 1650 1051 1711 aliud
1075 1651 1175 1711 facere
1196 1652 1301 1728 posset
1321 1670 1415 1728 quam
1438 1670 1472 1709 se
1492 1648 1663 1726 praeferret

461 1751 547 1813 sibi?

502 1850 601 1925 Perge
617 1848 723 1925 igitur,
738 1847 783 1907 mi
799 1847 1070 1925 Erasmaquaeso,
1084 1847 1117 1907 in
1132 1846 1260 1924 reliquis
1274 1866 1397 1925 quoque
1412 1844 1504 1906 Pauli
1518 1842 1663 1921 epistolis

462 1949 496 2009 in
510 1948 646 2010 eundem
665 1947 796 2008 modum
813 1945 1027 2023 explanandis.
1070 1947 1157 2023 Opus
1174 1948 1229 2007 tuo
1247 1945 1380 2023 ingenio,
1402 1948 1457 2004 tua
1474 1942 1660 2014 eruditione,

462 2051 518 2108 tua
541 2047 676 2124 denique
700 2043 889 2123 professione
913 2048 962 2105 est
986 2043 1226 2122 dignissimum
1255 2046 1288 2105 et
1308 2063 1348 2104 ex
1365 2043 1453 2104 cuius
1467 2042 1663 2103 coniectione

416 2171 448 2220 ³5
462 2166 527 2207 non
554 2150 620 2207 tam
652 2145 734 2223 apud
769 2143 916 2203 homines
942 2162 1037 2221 quam
1065 2144 1170 2221 ipsum
1206 2144 1308 2205 Deum
1343 2161 1491 2219 magnam
1526 2141 1662 2218 gloriam

465 2246 679 2325 reportaturus
702 2262 745 2304 es.
788 2242 840 2302 Me
863 2241 989 2319 quidem
1002 2245 1039 2303 vt
1059 2243 1091 2302 id
1113 2245 1144 2303 te
1166 2242 1264 2303 secere
1284 2242 1399 2316 horter,
1422 2240 1560 2318 impellit
1581 2239 1662 2299 illud

463 2344 546 2421 quod
561 2342 688 2402 illorum
704 2360 781 2418 quse
796 2338 870 2411 vidi,
886 2342 952 2399 tam
966 2339 1103 2399 iucunda
1112 2325 1208 2400 simnl
1222 2341 1255 2399 et
1267 2339 1425 2399 fructifera
1438 2339 1499 2399 fuit
1512 2338 1615 2410 lectio,
1629 2340 1664 2396 vt

463 2461 528 2501 non
542 2439 663 2517 possim
675 2458 741 2500 non
755 2436 934 2498 auidissimo
947 2440 1108 2514 expectere
1122 2436 1203 2515 quod
1217 2440 1366 2514 superest.

504 2539 545 2599 In
559 2540 699 2598 mentem
713 2555 799 2596 nunc
812 2534 900 2595 venit
920 2534 1004 2612 quod
1022 2533 1057 2594 in
1076 2534 1263 2612 quibusdam
1277 2533 1348 2595 aliis
1361 2534 1427 2595 tuis
1441 2534 1480 2594 ad
1494 2553 1546 2594 me
1560 2534 1663 2593 literis

418 2663 451 2714 40
463 2634 623 2712 scripsisti,
638 2637 760 2696 certum
783 2633 844 2694 tibi
867 2651 934 2693 esse
958 2632 991 2692 in
1006 2631 1122 2709 Anglii
1145 2652 1367 2708 consenescere,
1383 2634 1498 2692 aestate
1519 2631 1664 2710 proxima

463 2734 639 2794 traiecturo.
684 2730 952 2792 Iucundissimum
967 2729 1048 2791 mihi
1062 2734 1109 2791 est
1123 2731 1315 2792 intellexisse
1327 2735 1358 2791 te
1373 2731 1406 2791 id
1421 2729 1537 2791 habere
1550 2730 1661 2790 animi

464 2830 688 2908 Optatissimus
700 2828 807 2890 venies
825 2827 981 2905 omnibus,
998 2828 1051 2889 sed
1067 2831 1156 2889 tuam
1169 2829 1382 2890 valetudinem
1398 2828 1457 2889 hac
1477 2827 1512 2887 in
1533 2846 1568 2887 re
1589 2848 1662 2888 cum

463 2929 576 3006 primis
595 2927 730 2999 consule,
745 2927 785 3006 μὴ
810 2929 871 3005 εἰκῇ
888 2924 1024 3003 'Alisios
1068 2926 1203 2987 Interim
1221 2928 1299 2988 scias
1321 2927 1414 2988 huius
1435 2925 1530 3004 Regis
1544 2945 1620 3003 ergo
1632 2929 1663 2984 te

464 3027 716 3088 beneuolentiam
730 3026 764 3085 in
783 3025 850 3085 dies
869 3023 985 3103 augeri,
1001 3043 1137 3103 eumque
1154 3045 1249 3103 quam
1271 3024 1453 3102 saepissime
1468 3024 1578 3084 laudes
1591 3028 1663 3084 tuas

419 3149 450 3198 45
463 3124 656 3205 praedicam
676 3127 708 3184 et
721 3124 804 3202 apud
818 3143 852 3183 se
865 3123 961 3183 habet
975 3123 1030 3201 qui
1043 3123 1091 3183 tui
1105 3142 1169 3184 non
1182 3127 1259 3185 sunt
1272 3123 1478 3183 immemores.

503 3222 590 3286 Vale.
608 3243 647 3282 ex
662 3222 859 3282 Riohmonte.
875 3221 969 3282 nonis
980 3221 1111 3298 Aprilis.

657 3464 732 3525 938.
777 3459 876 3524 Fron
901 3458 1098 3526 Wonroirru
1120 3460 1311 3526 Flsmcrus
1333 3459 1471 3526 Cremu.

499 3609 620 3665 Sculteti
630 3606 754 3664 Annales
766 3624 796 3676 p.
809 3620 851 3676 45.
1459 3604 1592 3677 (Baelo.)

1426 3696 1442 3748 8
1455 3693 1537 3763 April
1553 3709 1630 3763 15¹9·

499 3824 624 3889 [Printed
636 3825 672 3887 by
682 3823 821 3873 Abraham
838 3821 975 3870 scultetus
991 3822 1021 3870 in
1039 3822 1082 3871 his
1099 3826 1207 3872 Annales
1218 3827 1348 3883 nucupata·
1357 3830 1473 3885 revocati,
1487 3824 1662 3888 Heidelberg,

468 3893 531 3940 1⁶18
542 3909 548 3939 :
564 3891 694 3953 probably
706 3890 759 3950 (see
771 3888 815 3936 his
826 3888 925 3936 second
936 3887 1051 3951 preface)
1064 3888 1133 3936 from
1144 3902 1161 3936 a
1172 3888 1315 3938 collection
1328 3890 1357 3939 ol
1365 3888 1484 3953 Capitu's
1495 3888 1592 3939 letters
1603 3891 1663 3940 lent

467 3957 502 4018 by
513 3957 561 4005 Dr.
573 3956 715 4018 Wolfgsng
732 3953 816 4003 licien
834 3953 863 4001 ol
877 3953 965 4013 Basle,
983 3952 1053 4002 from
1070 3952 1161 4002 which
1177 3969 1251 4003 came
1268 3955 1323 4003 also
1340 3952 1404 4005 LE'.
1422 3970 1464 4018 92,
1486 3970 1541 4017 150.
1578 3956 1664 4006 hleier

467 4020 637 4087 (1577-1653)
649 4034 704 4069 was
715 4035 731 4068 a
741 4021 816 4080 great
832 4018 968 4080 grandson
984 4019 1015 4067 cf
1030 4019 1112 4068 Jacob
1127 4018 1227 4083 Meyer,
1242 4019 1383 4069 Holbsin's
1398 4022 1594 4083 burgomestm,
1607 4022 1662 4070 and

466 4103 483 4137 a
499 4102 548 4136 son
565 4086 595 4135 ot
610 4088 716 4149 Agneta
732 4084 836 4145 Capito,
854 4084 998 4147 Wcllgang
1013 4083 1159 4133 Fabricius'
1175 4085 1326 4147 daughter3
1350 4101 1394 4135 see
1411 4090 1517 4136 Abunde
1532 4090 1664 4147 Maricae,

466 4168 512 4217 pp.
523 4154 596 4215 85-7.
632 4152 661 4200 It
671 4164 733 4211 may
745 4149 878 4199 therefore
892 4151 924 4197 be
934 4151 1077 4211 presumed
1088 4150 1148 4200 that
1160 4149 1196 4199 he
1211 4150 1265 4199 had
1278 4151 1414 4201 inherited
1426 4153 1544 4214 Capito’s
1555 4166 1662 4215 papum,

466 4219 522 4268 and
541 4219 603 4267 that
626 4213 769 4265 Scultetus'
785 4216 900 4278 original
917 4229 973 4263 was
994 4214 1043 4264 the
1067 4216 1152 4278 rough
1174 4216 1247 4264 dratt
1269 4218 1410 4278 preserved
1432 4218 1467 4278 by
1489 4218 1537 4266 the
1558 4220 1662 4267 writer.

466 4285 602 4334 Soultetus
618 4282 707 4346 places
725 4281 772 4329 the
789 4280 870 4330 letter
886 4282 917 4329 in
936 4295 999 4343 1519
1015 4281 1071 4331 and
1089 4280 1244 4331 introduces
1260 4282 1284 4329 it
1294 4283 1364 4331 with
1382 4283 1430 4331 the
1441 4283 1544 4332 words:
1565 4283 1661 4332 ‘Idem

466 4350 562 4414 Capito
575 4364 611 4398 va
626 4348 688 4397 idus
698 4345 801 4410 Aprilis
813 4346 848 4394 od
859 4346 1000 4395 Erasmm
1010 4347 1040 4395 in
1056 4346 1126 4396 hanc
1138 4348 1300 4396 sententiam
1312 4347 1426 4397 scribit!
1457 4348 1515 4396 The
1526 4348 1589 4396 date
1600 4362 1663 4410 may

466 4415 499 4463 be
510 4414 635 4477 accepted
647 4415 677 4461 in
688 4413 758 4461 view
769 4411 800 4460 cf
807 4412 855 4461 the
866 4427 981 4461 concern
991 4412 1033 4461 lor
1044 4413 1147 4461 Luther
1157 4412 1319 4461 manifested
1331 4415 1366 4476 by
1377 4413 1473 4476 Capito
1483 4414 1515 4461 in
1527 4412 1591 4463 Lm.
1606 4428 1660 4475 150,

467 4481 520 4530 and
532 4482 562 4530 os
571 4482 614 4529 his
626 4479 811 4528 intervention
824 4480 853 4527 to
867 4477 948 4541 bring
962 4478 1066 4526 Luther
1077 4477 1132 4527 and
1145 4477 1272 4527 Erasmus
1287 4479 1410 4541 together
1424 4479 1521 4527 atthis
1533 4480 1602 4527 timo
1616 4480 1660 4543 (cf.

497 4679 537 4725 30.
556 4662 596 4726 se]
608 4664 639 4711 in
655 4662 792 4711 Erasmus’
802 4663 973 4726 pmphme.
1089 4663 1136 4713 the
1148 4663 1230 4712 Court
1236 4678 1291 4712 was
1301 4667 1330 4712 at
1341 4664 1488 4723 thietime;
1504 4663 1539 4713 ot.
1552 4666 1662 4713 Brewer

499 4745 539 4791 39
559 4727 660 4792 literis]
678 4728 732 4777 Not
752 4732 865 4789 extant;
890 4730 969 4778 there
985 4728 1040 4777 had
1090 4730 1128 4778 iii.
1146 4732 1198 4792 165,
1211 4744 1265 4792 197.
1301 4729 1509 4791 Forthepalace
1523 4729 1660 4789 ofSheen,

468 4794 537 4843 been
559 4794 616 4842 talk
636 4794 666 4842 oi
685 4808 701 4842 a
721 4794 786 4844 visit
806 4797 835 4842 to
856 4793 982 4856 England
1010 4796 1038 4842 in
1090 4795 1238 4856 rebuiltby
1252 4794 1348 4857 Henry
1364 4796 1662 4856 v11in1497sndre·

468 4858 534 4921 Epp.
548 4861 603 4919 867.
617 4861 757 4921 85-7,887.
773 4860 828 4920 7-8.
862 4858 903 4910 cl.
916 4875 942 4923 p.
955 4861 1013 4922 578.
1089 4861 1189 4909 named
1201 4860 1662 4920 aiterhieearldominYorkshire,

500 4938 540 4985 43„
560 4924 593 4984 μὴ
605 4924 668 4988 ‹la-fi]
681 4926 729 4974 See
740 4930 818 4985 Adeo.
829 4925 888 4987 ⁶93·
1090 4927 1188 4975 seethe
1196 4928 1297 4975 Victoria
1303 4930 1366 4975 Hisl.
1375 4927 1540 4983 ossanoyiii.
1549 4939 1598 4988 533
1607 4941 1661 4989 seq.
1740 4970 1744 4984 ,

499 4990 539 5050 4⁶·
557 4989 733 5054 Riohmonte]
761 4992 797 5040 In
814 4990 922 5053 Surrey,
947 4991 1040 5041 where
1091 4991 1119 5039 It
1130 4990 1178 5039 has
1191 5006 1253 5041 now
1264 4992 1361 5041 almost
1372 4993 1492 5054 entirely
1504 4992 1638 5054 perished.
