3867 6034
389 688 450 747 ses
735 686 933 759 namara
956 688 1010 749 or
1038 687 1239 751 sumnus
1514 684 1603 770 [1519

389 845 518 921 legunt;
547 843 601 920 qui
622 843 737 921 lingua,
760 842 934 905 eruditione
954 846 988 904 et
1008 843 1124 921 pietate
1148 846 1254 905 tantos
1278 845 1385 905 fecere
1408 864 1604 923 progressus,

388 945 425 1001 vt
445 941 508 1002 iam
532 942 592 1001 tibi
614 941 815 1018 praeceptori,
839 940 889 1001 cui
913 939 1021 1001 omnia
1044 940 1184 1002 referunt
1206 944 1342 1020 accepta,
1370 945 1526 1004 maximo
1548 943 1607 1005 siut

346 1071 376 1121 55
388 1043 573 1100 ornamento
587 1040 698 1100 futuri.
735 1038 901 1100 Innumeri
915 1043 948 1100 te
962 1039 1040 1099 duce
1051 1040 1216 1100 vetustatis
1230 1041 1414 1102 ineruditae
1427 1042 1607 1122 squalorem

388 1140 609 1214 absterserunt,
633 1140 726 1216 atque
748 1138 872 1216 magnis
896 1136 1066 1199 itineribus
1087 1139 1283 1199 contendunt
1306 1140 1349 1200 ad
1373 1140 1521 1219 frugem,
1550 1160 1609 1201 uon

389 1236 483 1298 modo
499 1235 646 1309 iuniores,
664 1235 746 1314 quod
766 1235 911 1314 equidem
927 1236 1036 1296 minus
1055 1235 1161 1310 miror,
1179 1238 1232 1297 sed
1251 1237 1456 1315 grandaeui;
1481 1239 1539 1319 qui
1555 1238 1608 1300 suh

389 1337 479 1395 tanto
505 1334 668 1395 literarum
695 1332 881 1410 imperatore
909 1332 998 1393 velut
1026 1332 1116 1412 signo
1147 1335 1219 1396 date
1247 1335 1420 1398 vniuersae
1456 1337 1608 1399 barbaria

387 1432 506 1493 bellum
535 1431 708 1492 indicentes
735 1431 934 1509 triumphum
961 1431 1136 1493 etiamnum
1164 1435 1310 1511 sperant:
1343 1435 1607 1515 quandoquidem

344 1534 477 1605 40tauta
497 1533 546 1591 est
566 1528 761 1608 eloquentiae
780 1532 854 1591 tuae
874 1532 923 1591 vis
943 1532 979 1590 vt
1001 1529 1149 1591 barbaros
1171 1530 1348 1609 deploratos
1370 1532 1409 1593 in
1430 1537 1527 1595 tuam
1549 1534 1607 1612 pel·

388 1624 502 1686 lexeris
515 1623 713 1699 sententiam,
729 1622 784 1701 qui
804 1623 867 1683 iam
884 1643 954 1684 sero
973 1624 1101 1702 quidem
1122 1644 1194 1685 cum
1213 1624 1401 1703 Phrygibus
1426 1627 1606 1689 moliuntur

389 1728 554 1797 certamen,
574 1723 606 1782 et
623 1722 721 1783 bonas
741 1722 834 1783 horas
852 1741 929 1800 quas
949 1722 1081 1785 antehac
1101 1723 1135 1783 in
1157 1724 1251 1801 nugis
1270 1724 1607 1803 intempestiuioribus

389 1821 541 1895 locarunt,
557 1819 640 1880 veris
653 1819 755 1880 literis
768 1823 801 1880 et
814 1840 904 1881 verae
921 1820 1109 1898 impertiunt
1122 1820 1347 1899 philosophiae.

431 1917 512 1994 Quid
529 1918 644 1978 attinet
660 1917 699 1977 de
717 1936 768 1977 me
787 1917 895 1993 dicere,
914 1937 1009 1995 quem
1029 1937 1178 1997 praesens
1196 1917 1289 1978 anuis
1306 1920 1534 1997 superioribus
1554 1926 1603 1983 tuo

345 2052 377 2102 45
389 2015 602 2077 mellitissimo
616 2014 774 2091 colloquio
788 2015 834 2075 ita
847 2015 980 2093 rapuisti
991 2016 1283 2094 transformastique
1295 2020 1329 2077 vt
1344 2018 1413 2079 fere
1428 2020 1603 2082 reddideris

389 2114 513 2176 alium?
540 2133 615 2174 nam
638 2133 710 2174 cum
734 2112 811 2174 olim
831 2133 943 2192 parum
964 2114 1082 2177 faustae
1103 2114 1297 2176 institutioni
1317 2135 1370 2176 me
1393 2116 1543 2180 dederim
1564 2139 1601 2179 re

389 2212 582 2291 centiorique
605 2211 779 2289 theologiae
802 2232 857 2291 per
884 2215 1019 2273 aetatem
1044 2212 1141 2273 nimis
1165 2213 1358 2274 inhaeserim
1382 2217 1598 2292 pertinaciter,

389 2314 426 2371 tu
447 2310 616 2371 flexanima
639 2309 765 2372 suadela
789 2314 845 2371 tua
869 2310 1014 2388 protinus
1035 2312 1177 2387 effecisti,
1202 2316 1239 2371 rt
1262 2311 1352 2372 nulla
1373 2314 1444 2374 iam
1469 2316 1599 2378 lectione

389 2427 487 2486 aeque
509 2408 645 2469 delecter
665 2429 700 2469 ac
721 2408 821 2470 solida
837 2407 1002 2487 theologia.
1053 2409 1155 2485 Quare
1176 2428 1240 2470 non
1260 2409 1494 2489 indignaberis,
1518 2432 1599 2474 man·

347 2507 568 2589 possetissime
589 2506 728 2581 Erasme,
751 2508 833 2585 quod
854 2506 971 2568 Beatus
993 2507 1174 2581 Rhenanus,
1198 2507 1248 2569 vir
1268 2508 1432 2571 doctrinae
1458 2514 1491 2572 et
1520 2512 1599 2573 vitae

390 2603 571 2680 integritate
592 2604 788 2683 conspicuus,
812 2605 893 2665 mihi
920 2625 1021 2684 nuper
1048 2609 1140 2670 tuum
1162 2607 1260 2667 Verae
1288 2605 1483 2685 'theologiae
1514 2605 1624 2671 com·'

390 2701 541 2779 pendium
566 2702 693 2764 dicauit.
735 2704 922 2781 Quanquam
946 2704 1035 2765 enim
1059 2708 1125 2765 tam
1150 2705 1283 2783 insignis
1307 2705 1456 2767 dicatura
1481 2707 1598 2786 optimo

389 2798 501 2876 cuique
525 2803 557 2860 et
583 2800 765 2861 doctissimo
787 2801 899 2861 fuisset
923 2802 1070 2863 omnibus
1091 2802 1195 2864 modis
1218 2802 1394 2877 ambienda,
1423 2825 1463 2865 eo
1491 2808 1597 2866 tamen

389 2896 496 2959 minus
511 2901 543 2959 te
560 2898 628 2959 eius
649 2898 788 2959 instituti
806 2899 942 2976 pudebit,
959 2901 1042 2978 quod
1062 2921 1127 2962 non
1143 2921 1195 2961 me
1212 2901 1314 2962 solum
1336 2902 1390 2963 sed
1412 2902 1495 2964 alios
1515 2903 1595 2964 haud

345 3029 376 3079 55
389 3016 500 3073 parum
514 2995 633 3057 multos
647 2997 686 3057 ad
700 2996 816 3057 veteris
829 2996 1003 3075 theologiae
1017 2998 1158 3060 studium
1173 2999 1376 3061 inflammasti
1388 3024 1395 3075 ;
1417 3000 1497 3061 adeo
1513 3002 1596 3062 enim

389 3094 524 3156 dilucide
544 3098 631 3155 tuam
648 3094 683 3155 in
704 3096 799 3156 sacris
819 3094 921 3157 literis
941 3096 1149 3158 eruditionem
1170 3101 1202 3157 et
1222 3097 1385 3175 ingenium
1406 3099 1595 3159 acerrimum

388 3192 508 3254 indicat
523 3193 777 3255 absolutissimus
793 3193 848 3254 ille
867 3192 1004 3270 libellus,
1022 3197 1058 3255 vt
1077 3193 1195 3256 multos
1211 3195 1305 3256 etiam
1325 3194 1484 3269 barbaros,
1506 3202 1596 3258 antea

389 3291 590 3368 elegantioris
617 3292 793 3369 theologiae
821 3311 858 3351 ex
885 3292 1027 3369 professo
1053 3294 1167 3367 hostes,
1197 3293 1257 3353 hoc
1284 3292 1435 3371 opusculo
1465 3294 1597 3371 placaris

390 3390 510 3469 tibique
531 3390 703 3451 reddideris
723 3389 1045 3452 beneuolentissimos.

345 3510 379 3559 ⁶0
430 3489 557 3550 Nouum
582 3489 820 3549 Testamentum
845 3489 946 3549 denuo
969 3508 988 3549 a
1011 3495 1042 3550 te
1066 3489 1239 3566 magnifice,
1264 3488 1347 3566 quod
1370 3489 1452 3549 nihil
1474 3490 1593 3565 dubito,

388 3588 614 3665 locupletatum
636 3587 780 3665 cupidius
797 3605 873 3647 sane
894 3592 1022 3665 expecto
1039 3608 1134 3666 quam
1152 3588 1216 3649 vlla
1233 3591 1334 3648 mater
1355 3586 1461 3649 filium
1483 3590 1595 3651 charis·

388 3685 505 3747 simum
517 3705 644 3763 peregre
655 3686 838 3745 redeuntem
853 3706 861 3759 3
882 3704 957 3745 nam
969 3685 1116 3764 quicquid
1128 3687 1252 3764 rapiam
1262 3690 1443 3762 temporum
1455 3691 1593 3764 superest

390 3784 428 3844 ab
453 3784 545 3846 officii
569 3784 632 3844 mei
661 3782 892 3861 occupatissimi
915 3782 1077 3856 molestiis,
1104 3784 1136 3845 id
1161 3805 1255 3845 omne
1283 3785 1348 3844 tuis
1375 3782 1469 3844 libris
1494 3784 1592 3846 decies

389 3881 581 3959 pellegendis
607 3882 763 3960 impendo.
808 3882 926 3942 Paeeus
945 3885 1058 3957 noster,
1082 3883 1116 3943 in
1138 3903 1231 3961 quem
1252 3885 1382 3942 externa
1403 3884 1546 3961 corporis
1564 3886 1593 3943 et

344 3996 375 4057 65
388 3980 488 4040 animi
511 3979 593 4040 bona
619 3980 767 4057 ampliter
790 3980 947 4057 congessit
976 3983 1095 4053 natura,
1118 3980 1173 4040 vbi
1198 3980 1249 4055 sit,
1275 3980 1350 4058 quid
1378 4000 1486 4040 rernm
1515 3985 1591 4059 agat,

388 4078 467 4138 scire
492 4077 654 4155 percupio:
684 4080 774 4138 ouius
797 4078 1023 4139 consuetudine
1047 4079 1206 4155 imprimis
1229 4077 1365 4138 iucunda
1388 4079 1592 4140 vehementer

388 4196 459 4237 sum
481 4176 660 4236 delectatus.
702 4176 749 4237 Tu
770 4195 852 4250 vero,
877 4176 1008 4237 Erasme
1029 4176 1230 4250 amicissime,
1252 4175 1352 4236 Fabro
1371 4178 1426 4236 tuo
1448 4177 1593 4253 ignosce;

388 4295 463 4336 nam
486 4274 591 4335 studio
615 4274 648 4333 in
674 4277 704 4334 te
727 4294 797 4335 meo
820 4278 851 4334 et
874 4274 973 4335 amori
998 4274 1170 4347 obsecutus,
1198 4293 1263 4334 non
1287 4274 1407 4333 veritus
1432 4293 1505 4334 sum
1531 4277 1593 4337 tuis

423 4421 462 4465 4¹·
481 4404 633 4453 moliuntur
644 4406 780 4453 certamen
792 4406 892 4461 scripsi:
910 4393 1033 4452 moliunf
1040 4406 1111 4451 tame
1124 4407 1153 4452 E.
1273 4417 1305 4463 43
1332 4407 1372 4451 N:
1390 4403 1591 4465 impertienti).

389 4473 429 4531 56.
447 4475 486 4518 F:
503 4471 679 4518 accerrimum
692 4473 722 4519 Ε.

421 4618 461 4661 41.
480 4617 541 4650 cum
566 4600 728 4664 Phrygibus]
747 4601 787 4651 Cf.
808 4604 887 4662 Δάας.
910 4602 962 4648 28:
1012 4600 1103 4648 where
1115 4598 1357 4662 thalatterpartof
1367 4599 1592 4663 Pace’sembassy

388 4683 447 4716 sero
458 4668 568 4729 sapiunt
581 4669 708 4729 Phryges.
1013 4669 1041 4714 to
1063 4665 1242 4714 Switzerland
1264 4680 1321 4714 was
1348 4669 1443 4727 spent:
1474 4666 1540 4718 Feb.
1565 4681 1593 4715 or

421 4750 460 4793 44.
479 4734 560 4782 aunis
583 4729 777 4795 superioribus]
800 4731 885 4781 Faber
907 4731 961 4782 had
1013 4730 1106 4781 March
1124 4733 1153 4782 to
1170 4731 1226 4780 Oct.
1247 4745 1307 4792 1517
1329 4732 1451 4792 (Brewer
1470 4733 1499 4782 ii.
1520 4747 1590 4795 2914,

387 4800 455 4847 been
479 4799 640 4848 Chaucellor
664 4801 692 4846 to
717 4799 765 4847 the
787 4798 837 4860 Bp.
864 4798 963 4859 during
1012 4810 1179 4858 3051,3721;
1196 4795 1228 4844 cf.
1243 4797 1310 4858 Epp.
1325 4798 1590 4860 706.07n.,887.6).

387 4864 523 4914 Erasmus*
548 4864 647 4912 second
665 4864 803 4913 residenoe
820 4866 848 4913 at
865 4863 962 4922 Basle;
1014 4864 1091 4911 Some
1105 4862 1254 4910 indication
1267 4863 1386 4911 ishenee
1399 4864 1595 4913 obtainableoi

387 4930 420 4977 cs.
435 4930 481 4990 Ep.
494 4944 551 4990 541·
567 4944 621 4991 159.
1014 4929 1061 4976 the
1073 4929 1135 4977 date
1149 4929 1178 4976 of
1187 4928 1294 4977 Faber's
1308 4942 1385 4976 move
1400 4931 1428 4976 to
1440 4929 1591 4979 Constance

420 4997 459 5042 66.
484 4994 693 5058 consuetudine]
733 4995 771 5043 At
804 4993 960 5058 constance,
1014 4993 1084 5043 from
1098 4994 1195 5054 Basle;
1212 4993 1315 5056 seeEp.
1330 4994 1495 5055 386introd.
