3867 6034
384 696 446 758 480
730 695 920 760 Larinas
947 696 1002 760 OF
1028 695 1230 761 ERASMUS
1488 689 1591 775 [1518

384 853 520 915 affirmat
557 854 656 916 fuisse
690 853 889 917 redecimam
923 857 1053 931 pestem.
1107 853 1181 931 Ipse
1216 852 1335 915 dubitc
1388 852 1469 914 Mihi
1505 854 1593 914 certe

384 950 560 1014 maximum
585 952 647 1014 fuit
670 951 800 1015 malum.
842 951 988 1014 Demiror
1007 950 1084 1030 quid
1111 950 1173 1017 eibi
1192 951 1272 1015 velit
1299 950 1436 1029 Potlryn.
1480 951 1593 1014 Totiea

346 1068 372 1118 .5
385 1047 498 1111 reiecta
517 1049 697 1129 syngrapha
716 1070 795 1125 mea,
812 1048 943 1114 tandem
964 1048 1126 1127 proprium
1147 1050 1304 1113 famulum
1323 1049 1381 1112 hac
1399 1049 1501 1127 gratia
1514 1050 1592 1112 mici

386 1150 422 1209 in
449 1146 627 1228 Anglia(m)
650 1168 722 1210 cum
746 1148 932 1227 syngrapha,
949 1166 1046 1227 quam
1072 1148 1140 1225 ipae
1165 1148 1309 1211 Sixtinue
1331 1148 1450 1210 fatetur
1473 1148 1592 1212 melius

386 1246 484 1310 fuisse
518 1245 669 1325 scriptam
713 1266 809 1324 quam
847 1245 1061 1325 syngrapham
1098 1244 1308 1309 Poikiuicam.
1359 1246 1592 1310 Existimabam

387 1344 602 1423 deponendam
615 1347 791 1424 pecuniam.
835 1343 1021 1406 Franciscus
1038 1345 1153 1421 putans
1173 1364 1241 1405 rem
1254 1347 1372 1406 certam
1385 1344 1496 1406 scribit
1508 1345 1593 1410 mibi

387 1443 613 1521 syngrapham,
642 1463 705 1522 qua
732 1443 861 1507 nomine
887 1442 988 1519 ipsine
1016 1442 1051 1502 in
1079 1442 1249 1504 Germania
1276 1442 1441 1520 pecuniam
1469 1443 1591 1520 poesim

344 1559 377 1597 10
387 1540 533 1619 accipere,
543 1543 632 1620 parta
646 1561 771 1604 summe
784 1540 893 1602 statim
908 1539 981 1602 data
993 1539 1030 1605 in
1043 1558 1183 1602 manum
1214 1540 1278 1603 Vbi
1286 1540 1416 1603 venitin
1426 1540 1590 1619 Angliam,

388 1639 515 1718 Potkyn
530 1641 568 1701 de
581 1640 761 1718 syngrapha
774 1638 950 1715 cauillatur,
960 1657 1019 1702 nec
1032 1638 1086 1700 dat
1099 1638 1273 1715 pecuniam.
1317 1638 1416 1700 Mittit
1429 1637 1594 1718 exemplar

388 1737 464 1799 bille
487 1737 744 1812 insulsissimum,
760 1736 795 1799 in
817 1757 879 1815 quo
899 1735 1020 1798 mentio
1041 1736 1079 1797 fit
1100 1736 1177 1798 anni
1197 1734 1312 1803 decimi
1332 1737 1419 1811 noni,
1436 1757 1511 1798 cum
1532 1736 1593 1798 hec

387 1836 498 1914 pensio
518 1837 562 1898 sit
581 1835 659 1897 anni
678 1835 791 1897 decimi
811 1836 924 1897 octaui.
969 1834 1112 1909 Obsecro,
1136 1854 1292 1914 quaenam
1311 1834 1372 1898 ista
1398 1835 1593 1898 morositas?

389 1933 472 2009 Quid
493 1934 521 1995 ei
540 1933 630 1995 nulla
648 1933 854 1994 intercederet
874 1932 1078 2011 syngrapha?
1099 1951 1140 1994 an
1154 1935 1281 1999 veretur
1300 1952 1341 1994 ne
1353 1952 1411 2010 ego
1424 1932 1591 2010 pecuniam

346 2051 376 2102 15
389 2030 438 2093 bis
461 2034 652 2110 petamque
675 2030 773 2093 semel
799 2031 939 2093 debetur.
983 2030 1063 2091 uam
1083 2029 1292 2107 periculosum
1311 2030 1373 2090 iter
1388 2030 1526 2107 ,erracepi
1545 2033 1594 2092 tot

389 2130 509 2192 morbis
534 2128 684 2203 laboraui,
699 2132 732 2192 et
753 2129 793 2191 ob
816 2128 909 2191 istius
932 2128 1045 2191 billam
1066 2148 1125 2207 ego
1150 2130 1323 2192 destitutus
1343 2127 1482 2201 fuissem,
1499 2128 1535 2194 ni
1557 2126 1592 2187 in

389 2227 559 2290 Germania
581 2227 786 2306 repperieeem
811 2228 866 2306 qui
886 2227 968 2289 mihi
988 2225 1061 2305 plue
1080 2226 1241 2288 crederent
1261 2246 1358 2304 quam
1377 2226 1436 2288 iate
1451 2225 1593 2304 Potkyn.

389 2325 571 2388 Franciacus
582 2326 678 2401 enim,
692 2326 749 2388 vbi
762 2329 875 2404 negata
889 2329 938 2387 est
950 2326 1090 2403 pecunia,
1107 2344 1198 2388 suam
1213 2324 1428 2403 syngrapham
1444 2324 1591 2398 mutauit,

389 2424 482 2486 sicuti
495 2444 552 2503 par
564 2422 634 2489 fuit

347 2541 379 2578 ιο
431 2522 519 2600 Rogo
539 2524 575 2581 vt
595 2522 652 2583 hec
672 2521 786 2587 referas
805 2520 1091 2584 domino-melius
1111 2523 1199 2584 enim
1221 2522 1283 2584 iata
1304 2526 1472 2582 narrantur
1497 2539 1594 2598 qnam

389 2619 643 2681 scribuntur-et
669 2619 831 2682 adlabores
854 2640 896 2681 ne
925 2618 1009 2697 apud
1037 2619 1218 2682 Amoldum
1242 2619 1427 2696 disponatur
1448 2618 1592 2696 pecunia

391 2716 454 2778 Hic
477 2735 535 2794 ego
554 2716 702 2794 recipiam
723 2735 742 2776 a
762 2715 938 2790 ihacciscc,
953 2719 985 2778 et
1004 2716 1135 2794 posthae
1153 2720 1225 2795 agat
1244 2716 1393 2778 dominus
1412 2717 1521 2793 potius
1539 2735 1596 2793 per

390 2814 569 2877 hiaruffum.
614 2814 683 2889 Fac,
698 2834 805 2891 queen,
821 2816 857 2874 vt
875 2812 974 2877 sciam
994 2833 1036 2877 an
1055 2816 1205 2878 dominus
1217 2813 1382 2877 volumina
1402 2813 1597 2892 Hieronymi

391 2911 556 2988 receperit:
578 2911 682 2973 solent
694 2912 782 2974 enim
797 2931 885 2974 meos
898 2911 997 2975 libros
1011 2913 1046 2976 in
1066 2913 1133 2977 suia
1146 2911 1295 2976 manibus
1308 2913 1459 2974 detinere.
1503 2910 1595 2987 Quod

348 3032 379 3081 2⁵
391 3010 418 3071 ei
431 3029 496 3071 non
510 3009 636 3089 recepit,
653 3010 767 3071 curabo
780 3013 815 3072 vt
828 3010 949 3073 habeat.
992 3011 1080 3074 Bene
1094 3010 1173 3088 vale,
1190 3010 1288 3075 amice
1301 3010 1531 3091 syncerissime.
1587 3069 1592 3081 ,

432 3107 565 3170 Louanii
577 3127 599 3169 x
613 3108 669 3169 cal.
686 3107 832 3171 nouemb.

701 3311 775 3373 893.
820 3308 870 3376 To
891 3308 1069 3395 (W1m1au
1091 3306 1278 3394 wasnau).

427 3453 574 3509 Deventcr
585 3452 644 3507 MS.
657 3469 701 3523 91,
714 3453 734 3508 f.
747 3467 780 3521 27
794 3459 832 3507 νο.
1359 3452 1491 3509 Louvain.

428 3540 483 3595 LB.
496 3540 569 3610 App.
584 3555 644 3611 299.
1297 3556 1332 3610 24
1344 3540 1468 3597 October
1482 3546 1559 3614 1518.

439 3668 519 3719 From
539 3670 587 3719 the
609 3670 734 3719 mention
751 3669 781 3718 oi
797 3668 906 3732 Potkyn
925 3668 954 3733 (1.
973 3667 1017 3731 33)
1037 3669 1060 3717 it
1080 3669 1105 3717 is
1123 3668 1195 3718 clear
1213 3668 1274 3718 that
1295 3669 1403 3723 Leclerc
1420 3672 1444 3721 is
1463 3671 1540 3735 right
1564 3673 1596 3722 in

393 3735 427 3784 ad
506 3736 552 3798 'ng
563 3737 592 3783 to
603 3732 757 3797 warham]

433 3861 463 3921 S.
478 3858 527 3935 P,
553 3860 723 3920 reuerende
746 3857 877 3919 Praesul
904 3877 939 3919 ac
968 3858 1131 3921 Moecenaa
1156 3860 1461 3922 munificentissime.
1506 3862 1596 3922 Licet

394 3977 459 4017 non
485 3958 658 4018 admodum
682 3956 784 4018 multa
805 3956 886 4017 mihi
905 3956 1008 4018 solent
1027 3957 1163 4018 accidere
1183 3978 1338 4037 prospere,
1361 3962 1467 4020 tamen
1488 3959 1596 4020 nullus

393 4075 497 4117 annus
506 4055 566 4116 hoc
574 4055 682 4118 extitit
692 4054 854 4117 infelicior.
887 4053 1003 4116 Iterob
1013 4057 1116 4117 esium
1128 4056 1357 4118 intolerabilem
1372 4057 1594 4119 difficillimum

393 4154 465 4217 luit.
503 4154 646 4215 Basileae
659 4154 801 4234 primum
815 4154 939 4215 diutina
951 4173 987 4213 ac
1001 4153 1254 4232 pestilentissima
1265 4157 1389 4233 pituita,
1398 4177 1473 4218 mox
1484 4158 1597 4234 dysen-

426 4318 484 4366 892.
495 4331 533 4366 10.
547 4316 611 4365 data
623 4321 681 4367 LB:
697 4317 760 4367 date
772 4322 824 4367 MS.
894 4332 931 4367 ιο.
946 4316 1013 4367 bille
1023 4321 1093 4368 issa
1112 4317 1181 4366 belle
1192 4321 1240 4382 ΕΒ,
1249 4334 1380 4378 perperam
1451 4322 1488 4370 1⁶.
1501 4320 1598 4370 hillam

394 4388 461 4433 MR:
479 4382 591 4431 Bilham
602 4387 651 4433 LB.

425 4534 482 4583 892.
502 4551 526 4595 4.
545 4532 665 4595 Potkyn]
683 4532 722 4586 Gi.
736 4534 783 4595 Ep.
797 4532 852 4593 782.
866 4546 920 4592 4n.
1020 4548 1077 4594 474.
1100 4532 1184 4596 ²7·⁸)·
1226 4532 1291 4582 And
1316 4533 1421 4596 though
1447 4534 1477 4582 in
1504 4534 1595 4583 March

426 4615 466 4648 co.
486 4598 611 4661 domino]
627 4598 767 4648 Warham.
1022 4612 1084 4659 1517
1100 4599 1227 4648 Erasmus
1241 4614 1297 4647 was
1313 4600 1458 4648 uncertain
1471 4600 1598 4649 whether

426 4680 466 4727 23.
484 4664 629 4714 Marullum
654 4664 703 4713 See
715 4664 834 4726 Ep.387.
848 4678 901 4713 an.
1020 4664 1065 4713 hia
1084 4668 1180 4727 patron
1200 4668 1247 4726 yet
1266 4664 1320 4713 had
1342 4667 1365 4713 it
1384 4665 1514 4727 complete
1532 4665 1595 4728 (Ep.

460 4730 625 4792 Hieronymi
686 4730 806 4791 Perhaps
854 4728 970 4779 another
1020 4744 1077 4791 543.
1098 4731 1184 4794 31-2),
1205 4731 1240 4779 he
1261 4730 1352 4778 would
1375 4730 1505 4792 probably
1527 4730 1599 4781 have

393 4810 461 4857 copy
483 4796 596 4844 ordered
620 4797 656 4857 by
677 4795 817 4844 Warham.
860 4796 900 4844 Aa
920 4796 970 4844 the
1020 4796 1131 4845 asaured
1140 4796 1250 4844 himaeli
1261 4811 1296 4845 on
1306 4795 1354 4843 the
1363 4797 1488 4856 question
1496 4796 1598 4859 during

394 4860 499 4909 edition
519 4876 576 4910 was
601 4860 742 4911 dedicated
770 4864 799 4909 to
823 4861 883 4910 him
907 4862 967 4924 (Ep.
1020 4861 1067 4910 his
1083 4861 1325 4922 subsequentviait
1339 4864 1368 4909 tc
1384 4861 1518 4924 England,
1534 4875 1598 4911 now

394 4927 462 4988 396),
485 4925 521 4975 he
546 4940 602 4975 was
627 4927 657 4977 oi
681 4941 773 4976 ceurae
797 4941 895 4990 among
922 4927 970 4975 the
1023 4927 1053 4975 18
1065 4928 1178 4979 months
1188 4942 1244 4990 ago.

395 4993 454 5041 ilrst
481 4994 509 5041 to
534 4993 638 5041 receive
665 4992 688 5041 it
712 4993 789 5055 (Epp.
813 5007 869 5055 413.
893 5007 967 5056 34-5,
1053 5008 1094 5052 24.
1111 4992 1246 5058 detinere]
1264 4991 1304 5042 Gi.
1319 4992 1367 5054 Ep.
1382 5007 1438 5054 475.
1453 5006 1482 5053 31
1497 5006 1553 5053 aeq.
