3867 6034
472 707 534 769 see
821 707 1010 770 uniusne
1038 707 1091 768 or
1118 708 1318 770 serenus
1579 703 1672 788 [1518

472 862 581 937 denus,
595 864 685 922 vetus
698 868 859 940 compotor
868 868 951 941 tuus,
961 866 1094 926 nunciat
1106 864 1200 924 hodie
1214 863 1378 923 dominum
1388 863 1551 941 proficisci.
1583 864 1672 939 Quod

429 984 458 1034 15
473 961 501 1020 ei
515 979 625 1020 verum
644 963 701 1037 est,
718 962 881 1039 egregium
900 966 1067 1041 patronum
1087 982 1160 1040 agne
1178 963 1308 1039 oportet,
1326 981 1367 1021 ne
1382 963 1458 1040 quid
1472 980 1561 1022 secus
1576 963 1673 1040 suspi-

473 1062 562 1118 cetur
575 1058 723 1119 dominus
739 1078 833 1136 quom
847 1080 897 1121 res
910 1065 958 1122 est
972 1082 980 1135 ;
1001 1062 1066 1122 imo
1079 1064 1116 1121 tu
1126 1061 1328 1137 potissimum
1342 1060 1376 1119 in
1390 1060 1440 1120 ius
1453 1060 1621 1134 vocandus,
1639 1061 1672 1119 in

473 1158 506 1214 te
520 1155 662 1217 cudendo
674 1156 754 1233 febe,
772 1159 828 1236 qui
843 1178 895 1219 me
908 1160 974 1220 tuis
987 1160 1080 1220 dictis
1094 1158 1250 1219 fefelleris.

515 1253 614 1314 Crede
628 1255 716 1329 mihi
734 1258 780 1316 mi
794 1257 996 1336 Nouiomsge,
1013 1258 1120 1319 nullus
1138 1261 1187 1319 est
1204 1259 1239 1317 in
1259 1256 1333 1317 orbe
1349 1258 1494 1334 princeps
1507 1256 1559 1316 cui
1572 1256 1673 1333 magis

473 1371 512 1411 ex
529 1352 636 1414 animo
654 1354 779 1431 cupium
797 1357 968 1433 gratificari
986 1376 1082 1436 quem
1096 1355 1246 1434 Philippo
1260 1354 1413 1429 Prsesuli‚
1431 1374 1495 1414 non
1514 1352 1619 1415 solum
1634 1352 1673 1413 ob

431 1472 461 1508 πο
472 1449 505 1510 id
527 1451 611 1527 quod
632 1451 719 1512 illius
740 1452 862 1515 subsim
881 1455 1005 1530 ditioni,
1026 1455 1232 1516 verumetiam
1252 1453 1334 1532 quod
1355 1453 1490 1513 eximius
1506 1453 1549 1513 sit
1570 1451 1674 1513 modis

473 1547 630 1623 omnibus,
652 1551 737 1628 quod
762 1554 868 1613 nostro
886 1552 991 1614 fcueet
1009 1552 1190 1632 ingeniolo;
1211 1552 1345 1629 denique
1366 1551 1463 1610 tacito
1483 1549 1621 1627 quodum
1642 1552 1673 1609 et

473 1664 585 1708 moeno
599 1666 691 1708 sensu
707 1650 826 1711 mentis
838 1653 878 1712 ad
892 1672 965 1712 eum
980 1652 1209 1714 obseruandum
1224 1649 1379 1728 impellor.
1423 1647 1547 1709 Aulidis
1564 1646 1674 1707 officiis

473 1742 557 1805 houd
579 1764 654 1806 ssne
679 1746 818 1808 multum
839 1748 947 1823 valeo3
975 1753 1134 1811 coeterum
1157 1767 1220 1827 qus
1243 1748 1340 1823 valeo,
1367 1745 1579 1807 declaraturus
1602 1764 1673 1805 sum

472 1845 665 1920 quantopere
693 1844 914 1907 celsitudinem
934 1848 1022 1909 illius
1043 1851 1075 1908 et
1096 1848 1266 1926 suspiciam
1286 1849 1319 1906 et
1337 1864 1448 1905 amem.
1501 1843 1541 1905 Id
1571 1843 1673 1904 nolim

430 1963 460 2013 ²5
472 1939 554 1999 mihi
568 1941 660 2017 credi,
673 1943 708 2002 ni
722 1944 904 2021 propediem
917 1945 986 2024 ipss
1000 1966 1034 2007 re
1047 1946 1257 2024 comprobero.
1295 1944 1367 2004 Non
1381 1962 1556 2004 eusussum
1566 1942 1673 2019 ipsum

472 2037 567 2098 toties
588 2039 669 2099 meis
685 2041 828 2118 epistolis
845 2043 1068 2122 interpellsre;
1089 2047 1124 2105 tu
1144 2044 1193 2104 foc
1210 2043 1292 2121 epud
1310 2041 1405 2102 illum
1423 2040 1506 2101 mihi
1524 2038 1674 2117 epistolae

473 2134 517 2195 sis
538 2136 614 2197 vioe
659 2138 693 2200 si
710 2141 810 2214 vocat,
833 2138 1006 2216 sduoleb03
1027 2142 1079 2203 sin
1097 2142 1215 2215 minus,
1236 2141 1296 2201 hoc
1314 2139 1490 2217 impensius
1508 2136 1673 2197 msturebo

472 2233 707 2311 profectionem,
724 2257 785 2315 quo
802 2238 894 2298 liceat
912 2240 1013 2300 redire
1031 2240 1170 2301 celerius.
1214 2238 1360 2299 Arbitror
1377 2256 1428 2297 me
1445 2235 1590 2296 reducem
1609 2233 1674 2295 fore

472 2335 546 2392 onte
577 2353 719 2395 mensem
741 2334 927 2397 Octobrem:
955 2340 1026 2398 tum
1049 2338 1219 2398 extricatus
1245 2336 1297 2397 his
1321 2334 1453 2413 spinetis
1477 2333 1672 2410 theologicis,

429 2448 571 2499 aovecuo
592 2432 828 2511 tranquilloque
847 2436 954 2495 animo
973 2436 1073 2497 Musis
1095 2437 1128 2495 et
1149 2435 1260 2495 amicis
1283 2432 1406 2495 vacabo
1451 2431 1559 2508 Neque
1580 2430 1674 2491 susci·

473 2546 581 2604 perem
605 2528 663 2589 hoc
687 2532 749 2592 iter
771 2531 1081 2609 periculosissimum,
1102 2533 1138 2592 ni
1159 2553 1210 2593 me
1234 2532 1314 2592 retio
1338 2531 1438 2591 famae
1463 2526 1673 2605 compelleret.

473 2624 660 2704 Vbicunque
694 2630 839 2706 gentium
873 2630 1000 2690 futurus
1034 2633 1082 2690 est
1115 2631 1274 2705 Erasmus,
1305 2632 1425 2689 certum
1456 2626 1616 2705 polliceor,
1643 2630 1674 2684 et

474 2722 743 2785 Reuerendissimi
761 2726 916 2787 celsitudo
933 2728 1121 2789 clientulum
1136 2728 1282 2789 habiture
1296 2730 1396 2787 estex
1410 2726 1516 2786 animo
1530 2723 1673 2785 deditum

472 2819 705 2899 addictumque,
726 2826 758 2882 et
782 2829 837 2885 tus
864 2826 1015 2886 sanctitas
1038 2826 1210 2886 amiculum
1234 2824 1367 2886 minime
1391 2826 1542 2884 fucatum.
1586 2821 1673 2881 Bene

428 2938 460 2990 35
472 2916 553 2989 vele,
562 2921 694 2995 petrone
706 2922 832 2999 optime.
857 2922 1000 2984 Louenii.
1023 2943 1073 2983 xv.
1085 2923 1236 2985 calendas
1246 2923 1354 2983 Maius.
1376 2914 1672 3001 Ann0[1.n.xn11].

800 3247 874 3313 813.
918 3246 967 3312 To
990 3246 1156 3311 anru
1179 3248 1356 3312 Bunrnus,

508 3421 651 3478 Deventer
664 3420 721 3477 MS.
733 3438 777 3493 91,
789 3422 809 3477 f.
823 3439 867 3493 43.
926 3482 929 3488 ‚
988 3466 991 3471 .
1439 3419 1572 3476 louvain.

509 3509 564 3565 LB.
577 3510 650 3580 App.
665 3512 725 3577 278.
1380 3522 1410 3575 17
1424 3506 1505 3578 April
1520 3504 1639 3579 (1518).

1003 3640 1148 3690 BVDAEO.

515 3777 545 3838 S.
558 3777 594 3837 P.
620 3777 694 3838 Misi
705 3797 761 3855 per
773 3778 1017 3858 γραμματοφόρον
1031 3777 1211 3855 quempiam
1227 3775 1304 3835 sctis
1317 3774 1482 3834 molestum
1497 3771 1672 3850 epistolem,

474 3896 535 3952 quo
559 3874 645 3935 diluo
671 3895 731 3953 que
753 3875 858 3936 solent
879 3875 972 3936 obiici
993 3876 1032 3936 ab
1052 3877 1092 3936 iis
1111 3876 1167 3953 qui
1186 3876 1299 3952 putent
1319 3871 1421 3932 audax
1441 3872 1563 3932 facinus
1590 3869 1674 3948 quod

474 3972 576 4034 Febro
601 3972 825 4051 responderim.
869 3973 949 4033 Eam
972 3975 1084 4051 opinor
1101 3973 1161 4035 tibi
1180 3973 1354 4045 redditam;
1377 3989 1451 4030 nam
1475 3970 1512 4029 ed
1537 3969 1673 4029 Bodium

474 4070 629 4131 dederam.
674 4071 860 4132 Tunstsllus
870 4077 996 4132 excusat
1009 4092 1043 4133 se
1056 4072 1172 4131 litteris
1184 4072 1223 4131 ed
1237 4090 1288 4130 ms
1302 4069 1427 4145 scriptis
1441 4070 1523 4146 quod
1537 4067 1598 4127 tibi
1610 4086 1673 4126 non

446 4169 679 4246 sresponderit,
700 4174 732 4230 et
759 4169 895 4247 publicis
920 4173 953 4230 et
976 4170 1110 4247 priuatis
1130 4171 1173 4230 sic
1194 4170 1361 4229 immersus
1381 4170 1417 4227 vt
1444 4168 1597 4227 hactenus
1624 4167 1675 4226 sui

472 4267 552 4328 iuris
564 4264 658 4346 (non)
671 4267 774 4327 fuerit.
818 4267 887 4344 Ego
906 4267 1062 4328 Besileem
1071 4287 1122 4327 me
1137 4267 1262 4328 confero
1276 4266 1417 4326 editurus
1432 4265 1558 4325 Nouum
1572 4264 1674 4325 Teste·

473 4368 629 4427 mentum.
673 4365 810 4425 Interim
823 4366 863 4425 de
875 4385 1002 4444 operum
1016 4370 1052 4427 vt
1066 4366 1179 4441 valeas,
1195 4384 1314 4442 nosque
1328 4364 1409 4442 quod
1424 4362 1504 4423 soles
1518 4381 1597 4422 ome.

508 4463 649 4524 Louenii.
670 4478 715 4537 15.
733 4462 796 4524 Cel.
813 4463 919 4524 Maias

505 4665 562 4714 812.
583 4667 620 4713 16.
639 4663 817 4712 dominusE:
835 4662 921 4709 illeF.
1010 4675 1048 4722 29·
1066 4663 1201 4721 Nonio:
1218 4660 1358 4709 extrioetis
1368 4664 1396 4707 Ε.
1486 4672 1528 4719 33.
1546 4671 1672 4706 reueren-

473 4730 631 4844 will&
648 4728 778 4792 praesulta
788 4731 816 4776 F.
883 4740 923 4787 35.
942 4728 1025 4776 Anno
1036 4731 1092 4779 odd.
1104 4731 1135 4777 N.
1202 4740 1322 4776 rnnmn
1333 4728 1436 4774 codri.
1503 4723 1561 4772 818.
1572 4725 1597 4773 6.
1618 4737 1672 4771 non

506 4991 562 5040 813.
584 5004 606 5037 1.
625 4989 781 5053 epistolum]
794 4989 842 5051 Ep.
857 4991 911 5052 77⁸·
1145 5006 1168 5048 4.
1187 4988 1252 5053 tibi]
1264 4991 1292 5037 to
1305 4989 1351 5049 Ep.
1365 4989 1422 5050 583.
