3867 6034
460 701 518 761 104
807 698 995 759 aurnuns
1023 699 1076 760 ou
1103 695 1305 761 nnnsuus
1560 698 1654 781 [1517

455 856 665 935 obstupuerat,
680 875 732 916 me
746 875 820 915 vero
834 852 1037 930 singulariter
1048 854 1144 914 etiam
1158 873 1340 931 permonere
1355 855 1467 916 talium
1484 856 1656 917 amicorum

456 954 714 1032 qualitercunque
736 954 945 1031 representatur
962 952 1124 1025 memoria,
1137 971 1246 1013 eorum
1266 972 1351 1013 nunc
1372 953 1501 1015 mirifice
1520 954 1587 1033 rapi
1608 975 1659 1015 me

456 1056 544 1113 tanto
563 1050 697 1113 artificio
716 1049 877 1111 deliniatis
896 1053 991 1129 atque
1011 1050 1168 1127 expressis
1187 1050 1378 1127 imaginibus
1395 1055 1431 1111 vt
1446 1073 1525 1129 quae
1538 1057 1659 1114 veteres

414 1173 445 1208 ιο
456 1150 545 1211 facile
560 1150 692 1228 pictores
706 1167 815 1209 omnes
828 1148 1093 1226 prouocauerint?
1114 1166 1193 1226 quas
1206 1148 1347 1227 quisquis
1361 1149 1510 1225 intuetur,
1526 1152 1554 1213 is
1569 1153 1660 1212 nimi·

456 1268 528 1308 rum
538 1247 648 1308 fusiles
660 1265 713 1307 eas
726 1246 832 1323 potius
843 1249 899 1306 aut
912 1245 1074 1323 sculptiles
1087 1246 1255 1307 arbitretur
1264 1266 1359 1324 quam
1373 1247 1488 1325 pictas:
1508 1248 1554 1309 ita
1566 1270 1659 1327 porro

455 1346 595 1407 eminere
611 1348 706 1423 atque
723 1346 829 1405 extare
846 1342 995 1404 videntur
1011 1343 1095 1404 iusta
1110 1342 1214 1404 virilis
1234 1345 1372 1422 corporis
1390 1346 1543 1407 crassicie.
1587 1348 1658 1409 Non

456 1443 570 1517 credas,
586 1444 716 1504 Erasme
734 1442 779 1502 mi
793 1442 986 1519 tpooprdran,
1003 1460 1098 1518 quam
1111 1442 1202 1503 valde
1220 1461 1359 1503 amorem
1376 1444 1412 1504 in
1426 1447 1457 1505 ts
1475 1464 1590 1518 meum,
1608 1448 1660 1506 cui

456 1541 538 1602 nibil
551 1540 644 1602 adiici
657 1540 795 1618 potuisse
806 1540 873 1617 ipss
883 1539 965 1599 mihi
979 1558 1200 1616 persuaseram,
1211 1540 1353 1602 studium
1367 1542 1427 1602 hoc
1435 1547 1528 1603 tuum
1541 1543 1660 1604 arctius

412 1662 441 1712 ¹5
455 1639 557 1700 adhuc
564 1638 724 1716 obligandi
733 1658 785 1699 me
794 1637 976 1711 intenderit,
986 1657 1143 1716 quamque
1154 1658 1212 1717 ego
1220 1637 1423 1699 vehementer
1431 1640 1488 1700 hac
1497 1641 1659 1719 triumpho

455 1736 563 1816 gloria,
577 1736 660 1814 quod
671 1736 753 1796 tanti
772 1735 826 1795 abs
841 1737 872 1795 ts
885 1733 1016 1796 estimcr
1029 1737 1066 1795 vt
1080 1740 1146 1796 tam
1165 1735 1288 1814 egregio
1301 1742 1508 1799 monumento
1522 1739 1660 1799 declares

457 1856 522 1897 non
538 1835 636 1896 alium
650 1854 717 1895 esse
731 1853 909 1912 quenquam
923 1852 941 1892 a
954 1854 1019 1911 quo
1033 1837 1068 1893 tu
1083 1835 1184 1893 amari
1198 1834 1297 1895 malis.
1341 1835 1422 1895 Nam
1436 1836 1481 1898 sic
1495 1836 1562 1915 ipse
1575 1842 1660 1897 certe

455 1934 572 1995 -satis
592 1934 644 2010 pol
665 1931 804 2009 superbe,
827 1930 881 1991 ssd
903 1935 1009 1991 tamur
1037 1932 1319 2011 sic-interpreter,
1341 1933 1425 2009 quod
1445 1934 1532 1995 istud
1552 1934 1661 1995 abste

456 2034 588 2093 missum
609 2034 656 2092 est
669 2030 751 2091 mibi
764 2049 826 2107 quo
840 2048 903 2090 non
922 2028 956 2089 in
976 2028 1043 2089 dies
1060 2029 1154 2090 modo
1168 2032 1221 2090 sed
1241 2031 1275 2091 in
1293 2032 1386 2091 horas
1405 2033 1500 2093 etiam
1515 2034 1563 2093 tui
1576 2034 1660 2109 apud

413 2153 444 2189 ιο
457 2150 508 2191 me
522 2130 674 2192 memoria
687 2131 863 2188 renouetur.
895 2126 1050 2204 Equidem
1064 2127 1128 2188 scio
1139 2148 1191 2188 me
1204 2128 1250 2189 sic
1263 2134 1461 2207 perspectum
1476 2131 1536 2191 tibi
1545 2134 1582 2192 vt
1595 2151 1660 2191 non

456 2229 543 2291 sitin
554 2250 590 2290 eo
600 2227 681 2288 mihi
691 2226 782 2288 valde
794 2224 1010 2298 laborandum,
1023 2244 1075 2286 me
1085 2230 1120 2286 vt
1130 2225 1191 2286 tibi
1205 2227 1334 2304 probem
1344 2226 1535 2306 (quanquam
1549 2229 1661 2289 multis

456 2327 595 2405 alioquin
616 2325 744 2403 ineptiis
764 2344 829 2385 non
851 2324 937 2400 vaco)
956 2342 1066 2384 vacare
1085 2324 1196 2384 saltem
1217 2324 1401 2403 longissime
1425 2327 1464 2386 ab
1485 2327 1662 2388 Trasonicis

454 2424 638 2487 adfectibus.
681 2422 742 2483 Sed
756 2426 872 2495 tamen,
884 2423 920 2481 vt
929 2441 1040 2481 verum
1053 2421 1161 2496 fatear,
1174 2441 1275 2482 vnum
1289 2423 1376 2483 hunc
1390 2424 1546 2501 pruritum
1561 2425 1661 2503 glorie

457 2525 601 2583 excutere
623 2521 762 2599 profecto
783 2539 847 2581 non
869 2538 1005 2597 possum,
1030 2540 1092 2597 quo
1115 2520 1233 2580 mirum
1256 2541 1350 2598 quam
1374 2522 1512 2583 suauiter
1536 2523 1658 2597 titillor,

413 2645 442 2696 ²5
457 2621 579 2700 quoties
599 2620 742 2680 animum
762 2618 849 2679 subit
869 2637 935 2678 sere
955 2619 1084 2678 demum
1104 2619 1281 2695 posteritati
1302 2640 1353 2679 me
1377 2618 1501 2680 Erasmi
1522 2621 1661 2681 amicitia

456 2718 581 2793 litteris,
610 2717 707 2791 libris,
739 2715 863 2790 tabulis,
893 2716 1041 2777 omnibus
1074 2716 1208 2795 denique
1241 2717 1343 2778 modis
1376 2721 1549 2779 contestata
1577 2738 1659 2779 com-

456 2815 677 2878 mendandum.
722 2813 854 2873 Vtinam
879 2833 915 2874 ea
938 2814 1020 2874 mihi
1042 2814 1177 2876 facultas
1198 2821 1279 2876 esset
1302 2835 1381 2893 quae
1408 2816 1527 2894 insigni
1554 2818 1660 2895 aliquo

457 2915 645 2975 documento
661 2912 760 2990 possit
778 2911 897 2973 efficere
915 2931 956 2973 ne
975 2912 1123 2990 indignus
1141 2933 1248 2973 amore
1264 2916 1329 2974 tam
1343 2914 1487 2991 impenso
1501 2914 1569 2991 viri,
1587 2936 1660 2976 cum

456 3032 513 3073 suo
526 3011 639 3086 seculo,
655 3014 724 3071 tum
739 3010 893 3069 secuturis
905 3010 1043 3070 statibus
1056 3010 1305 3088 incomparandi,
1318 3013 1444 3073 videar!
1486 3012 1547 3073 Sed
1562 3033 1659 3090 quum

411 3137 444 3184 30
455 3115 522 3173 tam
533 3111 625 3186 louge
634 3128 730 3187 supra
740 3126 843 3168 msam
852 3107 935 3167 banc
942 3107 1192 3168 mediocritatem
1203 3109 1246 3169 sit
1254 3110 1319 3169 vllo
1330 3129 1401 3171 meo
1412 3110 1494 3170 facto
1505 3115 1661 3188 praestare

455 3209 537 3270 illud
548 3213 583 3268 vt
597 3207 736 3268 mundus
748 3205 914 3283 intelligat,
928 3205 1037 3266 sedulo
1051 3210 1133 3266 certe
1148 3206 1251 3267 enitar
1261 3211 1297 3267 vt
1311 3208 1423 3267 saltem
1438 3228 1502 3268 nou
1517 3208 1661 3286 ingratus

454 3326 522 3368 esse
537 3310 591 3368 tuo
604 3306 700 3366 unius
712 3303 892 3364 testimonio
907 3303 1098 3382 comprober.

496 3406 684 3484 Apologiam
713 3407 802 3463 tuam
829 3402 947 3480 perlegi
974 3401 1221 3462 studiosissime:
1253 3422 1314 3480 qua
1338 3406 1420 3462 certe
1447 3405 1493 3463 sic
1519 3403 1660 3464 adfectus

455 3524 526 3566 sum
540 3506 577 3563 vt
594 3502 807 3580 eloquentiam
826 3502 922 3572 tuam,
941 3519 1039 3576 quum
1056 3520 1212 3576 nusquam
1232 3499 1332 3576 magis
1346 3500 1486 3574 viderim,
1504 3520 1659 3578 nusquam

411 3624 442 3675 ³5
456 3602 564 3662 minus
590 3601 652 3661 sim
676 3599 855 3660 admiratus.
900 3597 1022 3674 Quippe
1046 3597 1126 3657 illud
1151 3598 1232 3658 mihi
1256 3598 1386 3658 sustulit
1409 3597 1658 3672 admirationem,

456 3700 539 3778 quod
553 3704 587 3760 in
602 3703 668 3759 tam
682 3696 767 3757 facili
785 3715 877 3755 causa
891 3695 993 3755 cuiuis
1012 3696 1085 3755 licet
1103 3715 1170 3756 esse
1187 3695 1310 3771 diserto,
1327 3716 1393 3756 non
1409 3696 1468 3755 tibi
1487 3697 1588 3773 modo,
1605 3698 1659 3774 qui

456 3797 580 3858 facilem
604 3796 705 3874 possis
727 3795 827 3855 facere
852 3813 890 3853 ex
914 3792 1105 3852 difficillima.
1149 3793 1278 3853 Peresrn
1302 3793 1336 3852 ni
1359 3793 1488 3854 miseret
1508 3796 1576 3855 eius
1597 3816 1657 3869 me,

456 3894 621 3955 hominem
641 3912 715 3953 suae
734 3891 857 3952 scholae
875 3889 988 3968 plausu
1006 3910 1043 3950 eo
1063 3910 1261 3968 progressum
1280 3893 1371 3970 atque
1390 3892 1558 3953 incitatum
1572 3896 1608 3954 vt
1621 3894 1660 3955 ad

457 3991 700 4052 ostentationem
720 3990 838 4049 virium
858 4007 929 4049 eam
951 3988 1011 4048 eibi
1033 3988 1272 4050 declamandam
1296 3991 1466 4067 sumpserit
1486 3995 1661 4052 controuer-

410 4116 443 4164 ⁴0
455 4089 545 4163 siam,
569 4108 631 4166 qua
655 4087 736 4147 nihil
757 4107 895 4165 unquam
920 4086 982 4147 fuit
1009 4088 1110 4164 magis
1133 4090 1313 4148 ἀσύστατονε
1344 4092 1392 4148 est
1415 4088 1500 4150 enim
1523 4091 1660 4150 maxime

456 4189 640 4265 ἐτερορρεπές.
685 4185 780 4261 Spero
807 4185 872 4244 fors
894 4188 929 4244 vt
955 4185 1015 4246 hac
1043 4186 1216 4246 monitione
1243 4188 1299 4245 tua
1322 4186 1492 4264 resipiscat.
1536 4187 1660 4248 Placuit

456 4285 586 4347 mirifice
606 4283 689 4345 milri
708 4286 744 4342 vt
765 4282 871 4342 omnia
892 4281 946 4343 sed
967 4286 1074 4344 tamen
1100 4283 1281 4344 notabiliter
1301 4282 1482 4362 figuraque
1502 4285 1660 4357 κενοδοξίαν

456 4386 525 4448 eiua
538 4387 636 4445 facete
649 4380 858 4460 reprehendis,
871 4381 926 4458 qui
940 4381 1109 4443 secundam
1123 4382 1293 4443 editionem
1306 4401 1398 4442 suam
1411 4383 1511 4444 videri
1524 4383 1660 4445 voluerit

455 4482 712 4547 annotationibus
729 4480 794 4541 tuis
813 4480 972 4558 priorem;
1001 4501 1100 4558 quum
1121 4485 1227 4541 tamen
1248 4480 1283 4540 in
1303 4482 1411 4541 eadem
1432 4501 1504 4541 cum
1525 4482 1590 4543 tuis
1612 4484 1660 4543 de

409 4600 441 4650 45
454 4586 581 4661 pugnet,
596 4581 739 4642 nondum
753 4579 845 4640 iactis
857 4578 985 4640 scilicet.

487 4751 512 4797 9.
529 4750 598 4798 quae
610 4739 664 4784 LB:
683 4751 738 4801 qo.
851 4747 891 4795 25.
911 4733 954 4783 o¹:
974 4735 1131 4797 posteritate
1142 4730 1177 4792 αἱ,
1191 4735 1220 4789 es.
1234 4734 1279 4789 En.
1291 4733 1341 4791 684
1349 4747 1450 4790 prooem.
1560 4747 1600 4795 29.
1617 4734 1658 4781 o²z

456 4804 598 4850 secuturus
608 4801 642 4849 αἱ.
744 4814 785 4860 41.
803 4798 942 4860 trepopestr
952 4817 977 4849 α.
1076 4814 1117 4859 42.
1136 4794 1287 4858 καινοδοξῖαν
1297 4815 1327 4845 c:
1345 4814 1403 4847 corr.
1415 4801 1464 4847 ΕΒ.

488 4946 529 4982 aa.
546 4930 711 4995 Trasenicia]
736 4932 788 4980 For
816 4929 873 4980 this
900 4931 970 4979 form
996 4930 1029 4980 cf.
1098 4932 1139 4991 3⁶·
1158 4931 1188 4978 in
1199 4929 1550 4993 tamfacili]cf.0v.lr.3.
1566 4943 1602 4979 11.
1617 4943 1657 4978 21.

456 4999 506 5061 Ep.
518 5000 575 5061 4⁰5·
587 4998 627 5059 38.
1099 5008 1139 5056 43·
1158 4996 1348 5060 reprehendis]
1361 4996 1414 5045 LB.
1428 4997 1464 5045 ix.
1476 5011 1508 5044 20
1520 5009 1545 5044 n.
