3867 6034
463 708 522 771 194
810 706 1000 768 LE'I'PERS
1028 705 1081 766 OF
1108 705 1311 767 ERASMUS
1564 700 1662 785 [1518

461 861 497 921 in
510 861 703 921 immensum
716 858 867 920 attollens
881 858 998 931 omnia,
1014 860 1050 917 vt
1068 877 1126 919 nec
1145 858 1302 936 deprecari
1322 857 1415 918 liceat
1435 858 1518 935 quod
1536 857 1593 920 illa
1614 862 1663 919 tot

462 957 580 1035 linguis
596 958 716 1033 tribuit,
732 977 790 1018 nec
806 957 888 1018 tueri
905 975 1018 1036 queam
1031 956 1115 1034 quod
1130 954 1276 1033 imponit.
1321 955 1391 1017 Scio
1407 954 1490 1015 nihil
1508 976 1576 1018 esse
1595 958 1662 1034 pul-

462 1056 569 1116 obrius
582 1076 677 1133 quam
690 1055 885 1135 principibus
898 1055 1054 1133 placuisse
1068 1053 1167 1125 viris;
1188 1054 1242 1114 sed
1257 1054 1386 1114 interim
1401 1053 1478 1114 dum
1492 1053 1560 1132 ipse
1574 1055 1663 1115 domi

463 1173 514 1213 me
531 1172 601 1213 meo
620 1154 733 1214 metior
750 1151 837 1231 pede,
853 1172 950 1232 quam
967 1155 1093 1232 gratum
1111 1153 1161 1213 est
1175 1151 1283 1212 animo
1297 1171 1350 1211 eos
1364 1152 1451 1211 viros
1463 1150 1543 1212 bene
1557 1152 1596 1213 de
1610 1173 1663 1213 me

420 1265 450 1302 10
462 1251 586 1325 sentire,
604 1251 719 1330 quibus
737 1254 773 1311 vt
791 1251 917 1328 probari
932 1250 1183 1328 pulcherrimum
1202 1252 1258 1324 est,
1274 1250 1320 1309 ita
1338 1248 1500 1325 displicere
1519 1250 1663 1328 turpissi-

461 1366 560 1422 mum,
576 1351 643 1409 tam
656 1348 826 1410 molestum
840 1348 985 1410 estnihil
1002 1368 1070 1410 esse
1083 1348 1165 1425 quod
1180 1346 1309 1407 illorum
1324 1346 1374 1407 vel
1386 1346 1504 1407 amicae
1518 1348 1557 1407 de
1570 1346 1664 1409 nobis

462 1445 602 1523 opinioni
621 1446 672 1507 vel
691 1445 873 1524 magnificae
892 1446 1101 1524 expectationi
1121 1444 1327 1523 respondeat:
1347 1448 1383 1505 vt
1402 1444 1466 1504 iam
1484 1464 1550 1505 non
1563 1443 1661 1506 aliam

461 1544 594 1620 gratiam
615 1544 717 1605 famae
735 1544 938 1605 buccinatrici
958 1544 1088 1605 debeam
1108 1562 1203 1620 quam
1221 1541 1366 1603 indoctus
1384 1540 1581 1603 citharoedus
1598 1542 1628 1602 ei
1644 1562 1663 1602 a

462 1659 524 1717 quo
551 1640 586 1701 in
615 1642 773 1702 theatrum
804 1641 1099 1718 frequentissimum
1128 1640 1318 1717 producatur
1341 1657 1433 1699 aurea
1453 1638 1544 1716 palla,
1567 1658 1663 1699 aurea

420 1758 450 1807 15
462 1736 596 1815 insignis
614 1738 743 1813 cithara,
759 1759 841 1813 mox,
858 1742 894 1799 vt
915 1758 1027 1799 canere
1049 1738 1174 1816 ceperit,
1190 1735 1397 1797 exibilandus.
1442 1735 1532 1796 Nihil
1553 1736 1588 1797 in
1610 1757 1663 1797 me

462 1834 648 1896 visendum:
669 1840 701 1897 et
718 1840 826 1897 tamen
844 1836 961 1913 siquid
977 1838 1032 1911 est,
1050 1836 1082 1896 id
1096 1833 1368 1896 lucubrationibus
1381 1833 1462 1894 meis
1479 1853 1662 1911 expressum

462 1935 517 1993 ssi.
554 1933 627 1993 Illic
638 1933 759 2012 optima
770 1934 870 1994 nostri
883 1953 956 2012 pars
970 1938 1038 2008 sst;
1060 1934 1141 2011 quod
1152 1935 1303 2009 superest,
1314 1933 1479 1993 theruncio
1488 1951 1554 1993 non
1564 1952 1662 1994 emas.

503 2031 653 2091 Attamen
671 2034 737 2091 tam
751 2034 893 2092 amanter
906 2031 1061 2092 inuitatus
1080 2030 1282 2107 cupidissime
1300 2029 1495 2091 aduolassem
1513 2028 1554 2090 ad
1571 2034 1663 2092 tuam

462 2126 690 2189 celsitudinem
736 2128 797 2188 Sed
818 2128 957 2205 primum
979 2127 1112 2188 deterret
1135 2126 1257 2187 coelum
1281 2127 1449 2204 plusquam
1470 2126 1661 2203 hybernum,

420 2247 451 2282 ιο
463 2225 575 2287 deinde
588 2226 735 2287 valetudo
748 2245 820 2286 cum
834 2246 890 2303 per
903 2246 937 2287 se
950 2225 1198 2299 imbecillatum
1209 2224 1388 2285 immodicis
1400 2225 1434 2284 in
1448 2224 1564 2303 quibus
1575 2244 1664 2286 nunc

463 2342 571 2384 versor
588 2323 747 2384 laboribus
766 2325 811 2385 sio
830 2324 942 2385 afflicta
959 2327 995 2384 vt
1014 2343 1083 2384 eam
1099 2324 1153 2384 vix
1171 2323 1257 2383 domi
1276 2322 1402 2383 abditus
1421 2326 1518 2384 tuear.
1562 2323 1664 2385 Tanta

464 2420 550 2481 enim
563 2422 764 2482 contentione
780 2422 898 2482 desudo
914 2422 948 2481 in
964 2422 1054 2482 Nouo
1069 2422 1269 2482 Testamento
1286 2420 1402 2481 iterum
1419 2420 1611 2497 innouando,
1625 2425 1664 2482 vt

463 2518 531 2596 ipse
550 2517 601 2578 his
621 2517 883 2593 inueterauerim3
908 2517 1046 2597 dumque
1063 2518 1143 2579 illud
1161 2538 1180 2578 a
1196 2518 1284 2579 senio
1303 2519 1428 2595 situque
1446 2517 1581 2594 vindico,
1596 2519 1664 2596 ipse

464 2613 546 2675 mihi
559 2615 721 2693 geminum
735 2617 861 2677 senium
878 2636 914 2676 ac
931 2616 1031 2676 situm
1044 2615 1261 2677 contraxerim.
1303 2616 1434 2676 certum
1448 2616 1496 2676 est
1507 2616 1594 2677 enim
1607 2619 1664 2677 aut

420 2736 451 2785 25
464 2710 594 2772 immori
607 2713 735 2790 negocio
748 2713 846 2774 semel
860 2716 1015 2790 suscepto,
1031 2716 1087 2774 aut
1100 2713 1163 2774 tale
1175 2711 1304 2774 reddere
1317 2714 1354 2772 vt
1371 2715 1403 2772 et
1419 2713 1524 2773 Leone
1543 2712 1663 2774 decimo

465 2808 597 2885 dignum
618 2809 762 2870 videatur
781 2814 814 2871 et
834 2811 1023 2888 posteritate.
1067 2810 1136 2871 Iam
1158 2830 1232 2870 vero
1253 2830 1290 2870 eo
1310 2810 1466 2888 progressi
1485 2829 1597 2871 sumus
1616 2812 1662 2884 vt,

465 2905 539 2966 licet
557 2906 671 2967 mediis
689 2906 790 2968 adhuc
810 2907 843 2967 in
863 2907 1012 2968 fluctibus
1029 2906 1198 2981 luctemur,
1211 2909 1317 2967 tamen
1335 2905 1443 2984 procul
1461 2910 1570 2984 portus
1588 2927 1664 2985 pau-

464 3003 554 3063 latim
578 3023 645 3064 sese
667 3004 805 3081 aperiat:
842 3004 878 3065 in
906 3024 1008 3082 quem,
1033 3004 1062 3064 si
1089 3003 1208 3066 Christi
1231 3003 1439 3080 aspirauerint
1462 3023 1567 3079 aurae,
1590 3009 1665 3066 ante

465 3100 734 3179 quadragesimam
748 3102 951 3180 appellemus
998 3102 1080 3162 'lum
1094 3104 1126 3162 et
1140 3102 1225 3162 coelo
1242 3101 1369 3161 mitiore
1387 3104 1419 3161 et
1437 3101 1544 3161 animo
1561 3101 1665 3179 magis

422 3225 455 3276 3⁰
466 3216 563 3258 vacuo
581 3217 742 3259 accurram
763 3199 803 3259 ad
826 3199 1119 3259 reuerendissimam
1138 3198 1357 3276 paternitatem
1376 3201 1472 3273 tuam,
1488 3198 1540 3258 vel
1559 3198 1666 3259 hirun-

465 3296 555 3357 dines
565 3316 601 3357 ac
610 3297 743 3357 ciconias
753 3297 966 3375 praeueniens.
1000 3297 1089 3373 Quod
1100 3297 1127 3357 si
1138 3317 1177 3356 ne
1188 3295 1248 3357 hoc
1258 3297 1383 3374 quidem
1395 3316 1499 3356 morae
1509 3296 1664 3375 indulges,

466 3395 654 3473 contemptis
668 3415 703 3455 ac
716 3395 903 3473 posthabitis
916 3394 1065 3457 omnibus
1078 3394 1305 3455 aduolabimus.

507 3492 567 3553 Sed
578 3492 664 3553 hisce
672 3491 709 3552 de
718 3493 812 3553 rebus
823 3493 986 3571 aliquanto
994 3492 1148 3571 copiosius
1159 3492 1343 3570 scripsimus
1352 3492 1472 3568 optimo
1480 3490 1651 3552 Paschasio
1656 3510 1665 3560 ;

466 3589 517 3651 cui
531 3590 643 3650 multis
655 3589 841 3652 nominibus
855 3591 1038 3651 felicissimo
1051 3591 1111 3650 hoc
1123 3592 1229 3650 tamen
1243 3590 1404 3666 praecipue
1417 3588 1564 3666 gratulor,
1581 3590 1666 3666 quod

423 3720 454 3769 35
466 3691 575 3767 gratus
595 3692 644 3749 est
666 3689 810 3767 Principi
831 3708 896 3750 non
917 3691 1025 3750 minus
1038 3687 1173 3766 benigno
1187 3706 1282 3765 quam
1297 3687 1438 3765 potenti:
1459 3706 1553 3764 quem
1573 3687 1667 3748 nobie

468 3804 563 3865 quam
585 3786 765 3848 diutissime
789 3790 913 3847 tueatur
934 3788 1019 3847 Deus
1039 3787 1112 3863 Opt.
1136 3784 1216 3845 Max.
1240 3789 1272 3846 et
1292 3784 1483 3845 incolumem
1506 3788 1539 3845 et
1563 3785 1666 3846 modis

467 3884 618 3945 omnibus
631 3885 805 3946 florentem.
849 3884 982 3947 Louanii
995 3884 1146 3963 postridie
1159 3884 1352 3961 epiphaniae.
1397 3884 1461 3943 An.
1478 3901 1643 3943 rr.1›.xv111.

894 3983 1045 4044 Erasmus
1060 3982 1096 4042 E.
1111 3981 1148 4042 R.
1164 3982 1199 4042 Τ.
1218 3982 1256 4043 Ι).
1271 3980 1502 4042 addictissimus
1516 3979 1623 4042 cliens.

501 4157 527 4206 6.
545 4160 582 4204 D:
599 4155 742 4218 deprecare
754 4158 807 4204 MS.
874 4154 924 4203 illa
934 4158 975 4203 D:
992 4153 1039 4203 ille
1050 4157 1103 4203 MS.
1194 4166 1232 4199 11.
1251 4151 1285 4199 de
1297 4151 1376 4200 nobis
1387 4154 1443 4200 cdd.
1455 4153 1483 4200 D.
1570 4166 1610 4211 ¹4·
1628 4158 1666 4202 D:

466 4235 550 4271 aureo
561 4220 634 4285 palla
644 4224 697 4269 DS.
820 4232 858 4281 17.
875 4225 916 4270 est
923 4226 976 4278 poet
987 4232 1143 4283 expressum
1154 4220 1211 4266 odd.
1223 4220 1253 4265 D.
1375 4232 1415 4267 aa.
1433 4220 1471 4264 D:
1489 4218 1667 4267 contensione

469 4292 523 4337 MS.
621 4300 661 4345 ²4·
678 4286 763 4334 situm
775 4290 813 4333 D:
830 4286 906 4334 sitim
918 4289 971 4335 lis.
1070 4300 1110 4346 30.
1129 4281 1383 4332 reuerendiasimam
1394 4298 1439 4330 om.
1450 4285 1483 4329 H.
1548 4284 1668 4346 paterni·

469 4356 554 4403 tatem
566 4356 625 4401 us:
642 4350 852 4415 amplitudinem
863 4355 892 4399 F.
991 4365 1031 4411 3¹·
1050 4350 1229 4413 praeueniens
1239 4351 1291 4397 lis.
1304 4365 1311 4396 ι
1327 4351 1502 4410 praeuertens
1512 4351 1542 4399 D.
1626 4350 1668 4398 in·

470 4418 565 4482 dulgea
575 4422 645 4469 ila:
661 4416 786 4479 indulget
797 4419 845 4466 tua
856 4416 990 4466 celsitudo
1001 4421 1030 4466 D.
1120 4417 1161 4475 36.
1179 4417 1217 4462 D:
1235 4416 1328 4463 tuetur
1339 4417 1391 4462 MS.
1479 4414 1521 4475 38.
1539 4413 1668 4464 Erasmus

470 4522 478 4537 .
490 4522 498 4538 .
511 4521 518 4535 .
531 4483 618 4534 cliens
627 4498 673 4533 om.
684 4487 708 4531 D
720 4482 848 4545 (edictiss.
860 4481 933 4545 HS).

503 4667 529 4714 6.
548 4670 588 4714 tot
599 4663 711 4728 linguis]
723 4664 763 4713 Cf.
774 4664 852 4727 Verg.
861 4669 923 4712 Aere.
937 4679 961 4722 4.
976 4663 1028 4722 183.
1130 4676 1169 4723 13·
1185 4659 1366 4725 citharoedus]
1379 4659 1418 4710 cf.
1427 4660 1507 4708 Auct.
1517 4658 1584 4709 Her.
1592 4675 1615 4719 4.
1626 4674 1667 4720 47.

504 4731 530 4780 8.
546 4729 729 4793 principibus]
740 4729 780 4779 Cf.
790 4730 856 4779 Hor.
865 4731 909 4787 sp.
923 4743 943 4777 1.
956 4743 995 4789 17·
1006 4740 1045 4789 35.
1093 4728 1134 4778 60.

504 4810 522 4858 9
547 4794 658 4858 metior]
669 4795 709 4843 Cf.
723 4796 791 4845 Hor.
803 4798 849 4853 Ep.
864 4809 885 4842 1.
897 4809 920 4855 7.
931 4795 973 4857 98.
1128 4808 1169 4855 23.
1186 4791 1300 4857 asenio]
1313 4790 1353 4842 (li.
1366 4789 1436 4841 (lell.
1448 4804 1488 4840 ao.
1504 4805 1525 4839 1.
1540 4805 1579 4841 ro.
