<?xml version="1.0" encoding="UTF-8"?>
<!DOCTYPE html PUBLIC "-//W3C//DTD XHTML 1.0 Transitional//EN"
    "http://www.w3.org/TR/xhtml1/DTD/xhtml1-transitional.dtd">
<html xmlns="http://www.w3.org/1999/xhtml" xml:lang="en" lang="en">
 <head>
  <title>
</title>
<meta http-equiv="Content-Type" content="text/html;charset=utf-8" />
  <meta name='ocr-system' content='tesseract 3.04.00' />
  <meta name='ocr-capabilities' content='ocr_page ocr_carea ocr_par ocr_line ocrx_word'/>
</head>
<body>
  <div class='ocr_page' id='page_1' title='image "./opusepistolarum03garrgoog_0642.png"; bbox 0 0 3867 6034; ppageno 0'>
   <div class='ocr_carea' id='block_1_1' title="bbox 414 697 1633 783">
    <p class='ocr_par' dir='ltr' id='par_1_1' title="bbox 414 697 1633 783">
     <span class='ocr_line' id='line_1_1' title="bbox 414 697 1633 783; baseline 0 -21"><span class='ocrx_word' id='word_1_1' title='bbox 414 702 476 762; x_wconf 77' lang='lat' dir='ltr'><strong>sao</strong></span> <span class='ocrx_word' id='word_1_2' title='bbox 759 698 949 760; x_wconf 76' lang='lat' dir='ltr'><strong>Lamnas</strong></span> <span class='ocrx_word' id='word_1_3' title='bbox 978 698 1033 759; x_wconf 81' lang='lat' dir='ltr'><strong>or</strong></span> <span class='ocrx_word' id='word_1_4' title='bbox 1059 697 1260 761; x_wconf 69' lang='lat' dir='ltr'><strong>musicus</strong></span> <span class='ocrx_word' id='word_1_5' title='bbox 1543 700 1633 783; x_wconf 79' lang='lat'>[1519</span> 
     </span>
    </p>
   </div>
   <div class='ocr_carea' id='block_1_2' title="bbox 346 855 1632 4174">
    <p class='ocr_par' dir='ltr' id='par_1_2' title="bbox 413 855 1632 1032">
     <span class='ocr_line' id='line_1_2' title="bbox 413 855 1632 937; baseline 0.002 -18"><span class='ocrx_word' id='word_1_6' title='bbox 413 857 496 919; x_wconf 91' lang='lat' dir='ltr'><strong>nihil</strong></span> <span class='ocrx_word' id='word_1_7' title='bbox 519 858 648 919; x_wconf 88' lang='lat' dir='ltr'><strong>debetur</strong></span> <span class='ocrx_word' id='word_1_8' title='bbox 673 856 798 932; x_wconf 87' lang='lat' dir='ltr'><strong>laudis;</strong></span> <span class='ocrx_word' id='word_1_9' title='bbox 829 856 879 919; x_wconf 90' lang='lat' dir='ltr'><strong>sin</strong></span> <span class='ocrx_word' id='word_1_10' title='bbox 904 876 1003 930; x_wconf 86' lang='lat' dir='ltr'><strong>secus,</strong></span> <span class='ocrx_word' id='word_1_11' title='bbox 1028 855 1111 917; x_wconf 88' lang='lat' dir='ltr'><strong>nihil</strong></span> <span class='ocrx_word' id='word_1_12' title='bbox 1139 875 1258 917; x_wconf 89' lang='lat' dir='ltr'><strong>mereor</strong></span> <span class='ocrx_word' id='word_1_13' title='bbox 1284 857 1411 933; x_wconf 86' lang='lat' dir='ltr'>probri,</span> <span class='ocrx_word' id='word_1_14' title='bbox 1438 860 1577 937; x_wconf 86' lang='lat' dir='ltr'><strong>quando</strong></span> <span class='ocrx_word' id='word_1_15' title='bbox 1603 861 1632 921; x_wconf 88' lang='lat' dir='ltr'><strong>in</strong></span> 
     </span>
     <span class='ocr_line' id='line_1_3' title="bbox 413 954 1632 1032; baseline 0.004 -15"><span class='ocrx_word' id='word_1_16' title='bbox 413 955 562 1017; x_wconf 91' lang='lat' dir='ltr'><strong>omnibus</strong></span> <span class='ocrx_word' id='word_1_17' title='bbox 580 956 668 1016; x_wconf 90' lang='lat' dir='ltr'><strong>illius</strong></span> <span class='ocrx_word' id='word_1_18' title='bbox 686 954 955 1016; x_wconf 80' lang='lat' dir='ltr'><strong>lucubrationibus</strong></span> <span class='ocrx_word' id='word_1_19' title='bbox 972 974 1011 1015; x_wconf 89' lang='lat' dir='ltr'><strong>ne</strong></span> <span class='ocrx_word' id='word_1_20' title='bbox 1032 955 1174 1032; x_wconf 84' lang='lat' dir='ltr'><strong>spiculus</strong></span> <span class='ocrx_word' id='word_1_21' title='bbox 1193 955 1321 1032; x_wconf 89' lang='lat' dir='ltr'><strong>quidem</strong></span> <span class='ocrx_word' id='word_1_22' title='bbox 1342 956 1437 1018; x_wconf 90' lang='lat' dir='ltr'><strong>vllus</strong></span> <span class='ocrx_word' id='word_1_23' title='bbox 1458 962 1515 1020; x_wconf 86' lang='lat' dir='ltr'><strong>est</strong></span> <span class='ocrx_word' id='word_1_24' title='bbox 1538 978 1632 1021; x_wconf 85' lang='lat' dir='ltr'><strong>meus</strong></span> 
     </span>
    </p>

    <p class='ocr_par' dir='ltr' id='par_1_3' title="bbox 367 1052 1631 1426">
     <span class='ocr_line' id='line_1_4' title="bbox 367 1052 1631 1132; baseline 0.006 -20"><span class='ocrx_word' id='word_1_25' title='bbox 367 1065 399 1127; x_wconf 86' lang='lat'><strong>85</strong></span> <span class='ocrx_word' id='word_1_26' title='bbox 413 1054 451 1113; x_wconf 93' lang='lat' dir='ltr'><strong>Id</strong></span> <span class='ocrx_word' id='word_1_27' title='bbox 476 1054 678 1115; x_wconf 89' lang='lat' dir='ltr'><strong>verissimum</strong></span> <span class='ocrx_word' id='word_1_28' title='bbox 700 1074 767 1114; x_wconf 89' lang='lat' dir='ltr'><strong>esse</strong></span> <span class='ocrx_word' id='word_1_29' title='bbox 791 1053 959 1131; x_wconf 79' lang='lat' dir='ltr'><strong>comperiet</strong></span> <span class='ocrx_word' id='word_1_30' title='bbox 983 1053 1127 1131; x_wconf 88' lang='lat' dir='ltr'><strong>quisquis</strong></span> <span class='ocrx_word' id='word_1_31' title='bbox 1151 1052 1234 1114; x_wconf 91' lang='lat' dir='ltr'><strong>volet</strong></span> <span class='ocrx_word' id='word_1_32' title='bbox 1256 1052 1427 1132; x_wconf 78' lang='lat' dir='ltr'><strong>vestigare.</strong></span> <span class='ocrx_word' id='word_1_33' title='bbox 1475 1056 1631 1119; x_wconf 78' lang='lat' dir='ltr'><strong>Hominis</strong></span> 
     </span>
     <span class='ocr_line' id='line_1_5' title="bbox 412 1151 1630 1233; baseline 0.002 -20"><span class='ocrx_word' id='word_1_34' title='bbox 412 1155 478 1213; x_wconf 92' lang='lat' dir='ltr'><strong>vita</strong></span> <span class='ocrx_word' id='word_1_35' title='bbox 495 1172 610 1230; x_wconf 90' lang='lat' dir='ltr'><strong>magno</strong></span> <span class='ocrx_word' id='word_1_36' title='bbox 629 1152 774 1213; x_wconf 91' lang='lat' dir='ltr'><strong>omnium</strong></span> <span class='ocrx_word' id='word_1_37' title='bbox 790 1171 944 1213; x_wconf 88' lang='lat' dir='ltr'><strong>consensu</strong></span> <span class='ocrx_word' id='word_1_38' title='bbox 962 1151 1131 1229; x_wconf 87' lang='lat' dir='ltr'><strong>probatur:</strong></span> <span class='ocrx_word' id='word_1_39' title='bbox 1152 1152 1216 1212; x_wconf 89' lang='lat' dir='ltr'><strong>iam</strong></span> <span class='ocrx_word' id='word_1_40' title='bbox 1235 1151 1267 1211; x_wconf 94' lang='lat' dir='ltr'><strong>id</strong></span> <span class='ocrx_word' id='word_1_41' title='bbox 1287 1172 1354 1213; x_wconf 91' lang='lat' dir='ltr'><strong>non</strong></span> <span class='ocrx_word' id='word_1_42' title='bbox 1374 1153 1454 1215; x_wconf 89' lang='lat' dir='ltr'><strong>leue</strong></span> <span class='ocrx_word' id='word_1_43' title='bbox 1477 1156 1630 1233; x_wconf 81' lang='lat' dir='ltr'><strong>praeiudi·</strong></span> 
     </span>
     <span class='ocr_line' id='line_1_6' title="bbox 412 1250 1629 1332; baseline 0.004 -22"><span class='ocrx_word' id='word_1_44' title='bbox 412 1250 496 1311; x_wconf 90' lang='lat' dir='ltr'><strong>cium</strong></span> <span class='ocrx_word' id='word_1_45' title='bbox 513 1254 569 1325; x_wconf 86' lang='lat' dir='ltr'><strong>est,</strong></span> <span class='ocrx_word' id='word_1_46' title='bbox 585 1253 709 1310; x_wconf 89' lang='lat' dir='ltr'><strong>tantam</strong></span> <span class='ocrx_word' id='word_1_47' title='bbox 729 1269 797 1311; x_wconf 84' lang='lat' dir='ltr'><strong>esse</strong></span> <span class='ocrx_word' id='word_1_48' title='bbox 817 1270 943 1312; x_wconf 91' lang='lat' dir='ltr'><strong>morum</strong></span> <span class='ocrx_word' id='word_1_49' title='bbox 962 1250 1176 1329; x_wconf 85' lang='lat' dir='ltr'><strong>integritatem</strong></span> <span class='ocrx_word' id='word_1_50' title='bbox 1196 1252 1232 1310; x_wconf 89' lang='lat' dir='ltr'><strong>vt</strong></span> <span class='ocrx_word' id='word_1_51' title='bbox 1252 1269 1310 1310; x_wconf 89' lang='lat' dir='ltr'><strong>nec</strong></span> <span class='ocrx_word' id='word_1_52' title='bbox 1330 1251 1448 1314; x_wconf 85' lang='lat' dir='ltr'><strong>hostes</strong></span> <span class='ocrx_word' id='word_1_53' title='bbox 1470 1255 1629 1332; x_wconf 84' lang='lat' dir='ltr'><strong>reperiant</strong></span> 
     </span>
     <span class='ocr_line' id='line_1_7' title="bbox 411 1347 748 1426; baseline -0.003 -17"><span class='ocrx_word' id='word_1_54' title='bbox 411 1349 492 1426; x_wconf 91' lang='lat' dir='ltr'><strong>quod</strong></span> <span class='ocrx_word' id='word_1_55' title='bbox 507 1347 748 1409; x_wconf 78' lang='lat' dir='ltr'><strong>calumnientur.</strong></span> 
     </span>
    </p>

    <p class='ocr_par' dir='ltr' id='par_1_4' title="bbox 454 1446 1627 1527">
     <span class='ocr_line' id='line_1_8' title="bbox 454 1446 1627 1527; baseline 0.003 -20"><span class='ocrx_word' id='word_1_56' title='bbox 454 1448 543 1522; x_wconf 76' lang='lat' dir='ltr'><strong>Quod</strong></span> <span class='ocrx_word' id='word_1_57' title='bbox 564 1447 593 1507; x_wconf 90' lang='lat' dir='ltr'><strong>si</strong></span> <span class='ocrx_word' id='word_1_58' title='bbox 613 1447 751 1507; x_wconf 86' lang='lat' dir='ltr'><strong>maxime</strong></span> <span class='ocrx_word' id='word_1_59' title='bbox 770 1450 910 1507; x_wconf 86' lang='lat' dir='ltr'><strong>vacasset</strong></span> <span class='ocrx_word' id='word_1_60' title='bbox 931 1446 1043 1524; x_wconf 87' lang='lat' dir='ltr'><strong>legere,</strong></span> <span class='ocrx_word' id='word_1_61' title='bbox 1060 1466 1124 1509; x_wconf 94' lang='lat' dir='ltr'><strong>non</strong></span> <span class='ocrx_word' id='word_1_62' title='bbox 1145 1446 1226 1507; x_wconf 90' lang='lat' dir='ltr'><strong>mihi</strong></span> <span class='ocrx_word' id='word_1_63' title='bbox 1247 1450 1378 1508; x_wconf 89' lang='lat' dir='ltr'><strong>tantum</strong></span> <span class='ocrx_word' id='word_1_64' title='bbox 1395 1468 1518 1527; x_wconf 87' lang='lat' dir='ltr'><strong>arrogo</strong></span> <span class='ocrx_word' id='word_1_65' title='bbox 1540 1456 1575 1511; x_wconf 89' lang='lat' dir='ltr'><strong>vt</strong></span> <span class='ocrx_word' id='word_1_66' title='bbox 1592 1451 1627 1511; x_wconf 89' lang='lat' dir='ltr'><strong>de</strong></span> 
     </span>
    </p>

    <p class='ocr_par' dir='ltr' id='par_1_5' title="bbox 366 1544 1626 2014">
     <span class='ocr_line' id='line_1_9' title="bbox 366 1544 1626 1625; baseline 0.001 -20"><span class='ocrx_word' id='word_1_67' title='bbox 366 1570 400 1619; x_wconf 87' lang='lat'><strong>90</strong></span> <span class='ocrx_word' id='word_1_68' title='bbox 412 1546 494 1605; x_wconf 86' lang='lat' dir='ltr'><strong>tanti</strong></span> <span class='ocrx_word' id='word_1_69' title='bbox 517 1545 578 1604; x_wconf 87' lang='lat' dir='ltr'><strong>viri</strong></span> <span class='ocrx_word' id='word_1_70' title='bbox 602 1544 728 1621; x_wconf 90' lang='lat' dir='ltr'><strong>scriptis</strong></span> <span class='ocrx_word' id='word_1_71' title='bbox 751 1544 849 1604; x_wconf 86' lang='lat' dir='ltr'><strong>velim</strong></span> <span class='ocrx_word' id='word_1_72' title='bbox 870 1546 1087 1623; x_wconf 87' lang='lat' dir='ltr'><strong>pronunciare,</strong></span> <span class='ocrx_word' id='word_1_73' title='bbox 1114 1545 1239 1607; x_wconf 87' lang='lat' dir='ltr'><strong>etiamsi</strong></span> <span class='ocrx_word' id='word_1_74' title='bbox 1266 1564 1353 1605; x_wconf 89' lang='lat' dir='ltr'><strong>nunc</strong></span> <span class='ocrx_word' id='word_1_75' title='bbox 1381 1548 1515 1624; x_wconf 85' lang='lat' dir='ltr'><strong>passim</strong></span> <span class='ocrx_word' id='word_1_76' title='bbox 1544 1547 1626 1625; x_wconf 82' lang='lat' dir='ltr'><strong>pueri</strong></span> 
     </span>
     <span class='ocr_line' id='line_1_10' title="bbox 412 1642 1622 1721; baseline 0.007 -21"><span class='ocrx_word' id='word_1_77' title='bbox 412 1663 525 1721; x_wconf 88' lang='lat' dir='ltr'><strong>magna</strong></span> <span class='ocrx_word' id='word_1_78' title='bbox 554 1643 733 1702; x_wconf 72' lang='lat' dir='ltr'><strong>temeritate</strong></span> <span class='ocrx_word' id='word_1_79' title='bbox 763 1643 973 1719; x_wconf 88' lang='lat' dir='ltr'><strong>pronuncient</strong></span> <span class='ocrx_word' id='word_1_80' title='bbox 1006 1643 1065 1704; x_wconf 92' lang='lat' dir='ltr'><strong>hoc</strong></span> <span class='ocrx_word' id='word_1_81' title='bbox 1096 1663 1271 1716; x_wconf 89' lang='lat' dir='ltr'><strong>erroneum,</strong></span> <span class='ocrx_word' id='word_1_82' title='bbox 1300 1642 1383 1704; x_wconf 91' lang='lat' dir='ltr'><strong>illud</strong></span> <span class='ocrx_word' id='word_1_83' title='bbox 1413 1645 1622 1708; x_wconf 81' lang='lat' dir='ltr'><strong>haereticum.</strong></span> 
     </span>
     <span class='ocr_line' id='line_1_11' title="bbox 412 1740 1622 1821; baseline 0.004 -20"><span class='ocrx_word' id='word_1_84' title='bbox 412 1740 484 1801; x_wconf 93' lang='lat' dir='ltr'><strong>Imo</strong></span> <span class='ocrx_word' id='word_1_85' title='bbox 494 1740 644 1801; x_wconf 87' lang='lat' dir='ltr'><strong>aduersus</strong></span> <span class='ocrx_word' id='word_1_86' title='bbox 655 1740 830 1801; x_wconf 87' lang='lat' dir='ltr'><strong>Luthsrum</strong></span> <span class='ocrx_word' id='word_1_87' title='bbox 840 1740 1009 1819; x_wconf 90' lang='lat' dir='ltr'><strong>aliqnando</strong></span> <span class='ocrx_word' id='word_1_88' title='bbox 1018 1741 1138 1803; x_wconf 78' lang='lat' dir='ltr'><strong>luimus</strong></span> <span class='ocrx_word' id='word_1_89' title='bbox 1147 1741 1326 1819; x_wconf 77' lang='lat' dir='ltr'><strong>iniquiores,</strong></span> <span class='ocrx_word' id='word_1_90' title='bbox 1338 1761 1381 1802; x_wconf 91' lang='lat' dir='ltr'><strong>ne</strong></span> <span class='ocrx_word' id='word_1_91' title='bbox 1393 1744 1477 1821; x_wconf 92' lang='lat' dir='ltr'><strong>quid</strong></span> <span class='ocrx_word' id='word_1_92' title='bbox 1489 1745 1622 1806; x_wconf 82' lang='lat' dir='ltr'><strong>inuidiae</strong></span> 
     </span>
     <span class='ocr_line' id='line_1_12' title="bbox 410 1836 1621 1923; baseline 0.004 -24"><span class='ocrx_word' id='word_1_93' title='bbox 410 1840 560 1899; x_wconf 84' lang='lat' dir='ltr'><strong>recideret</strong></span> <span class='ocrx_word' id='word_1_94' title='bbox 582 1839 615 1897; x_wconf 91' lang='lat' dir='ltr'><strong>in</strong></span> <span class='ocrx_word' id='word_1_95' title='bbox 637 1836 736 1899; x_wconf 91' lang='lat' dir='ltr'><strong>bonas</strong></span> <span class='ocrx_word' id='word_1_96' title='bbox 761 1838 875 1914; x_wconf 87' lang='lat' dir='ltr'><strong>literas,</strong></span> <span class='ocrx_word' id='word_1_97' title='bbox 901 1858 980 1917; x_wconf 85' lang='lat' dir='ltr'><strong>quas</strong></span> <span class='ocrx_word' id='word_1_98' title='bbox 1003 1838 1150 1901; x_wconf 81' lang='lat' dir='ltr'><strong>nolebam</strong></span> <span class='ocrx_word' id='word_1_99' title='bbox 1175 1839 1314 1917; x_wconf 87' lang='lat' dir='ltr'><strong>amplius</strong></span> <span class='ocrx_word' id='word_1_100' title='bbox 1340 1841 1493 1903; x_wconf 83' lang='lat' dir='ltr'><strong>onerari:</strong></span> <span class='ocrx_word' id='word_1_101' title='bbox 1526 1862 1621 1923; x_wconf 89' lang='lat' dir='ltr'><strong>neque</strong></span> 
     </span>
     <span class='ocr_line' id='line_1_13' title="bbox 410 1936 1620 2014; baseline 0.006 -18"><span class='ocrx_word' id='word_1_102' title='bbox 410 1937 496 1997; x_wconf 91' lang='lat' dir='ltr'><strong>enim</strong></span> <span class='ocrx_word' id='word_1_103' title='bbox 520 1956 570 1996; x_wconf 91' lang='lat' dir='ltr'><strong>me</strong></span> <span class='ocrx_word' id='word_1_104' title='bbox 593 1936 674 2013; x_wconf 81' lang='lat' dir='ltr'><strong>fugit</strong></span> <span class='ocrx_word' id='word_1_105' title='bbox 693 1956 790 2014; x_wconf 91' lang='lat' dir='ltr'><strong>quam</strong></span> <span class='ocrx_word' id='word_1_106' title='bbox 810 1937 966 1998; x_wconf 87' lang='lat' dir='ltr'><strong>inuidiosa</strong></span> <span class='ocrx_word' id='word_1_107' title='bbox 988 1957 1037 1998; x_wconf 90' lang='lat' dir='ltr'><strong>res</strong></span> <span class='ocrx_word' id='word_1_108' title='bbox 1060 1938 1104 1998; x_wconf 89' lang='lat' dir='ltr'><strong>sit</strong></span> <span class='ocrx_word' id='word_1_109' title='bbox 1127 1957 1164 1998; x_wconf 92' lang='lat' dir='ltr'><strong>ea</strong></span> <span class='ocrx_word' id='word_1_110' title='bbox 1187 1936 1375 1998; x_wconf 72' lang='lat' dir='ltr'><strong>labefactare</strong></span> <span class='ocrx_word' id='word_1_111' title='bbox 1398 1940 1492 2001; x_wconf 91' lang='lat' dir='ltr'><strong>vnde</strong></span> <span class='ocrx_word' id='word_1_112' title='bbox 1513 1941 1620 2003; x_wconf 67' lang='lat' dir='ltr'><strong>mamis</strong></span> 
     </span>
    </p>

    <p class='ocr_par' dir='ltr' id='par_1_6' title="bbox 365 2034 1617 2506">
     <span class='ocr_line' id='line_1_14' title="bbox 365 2034 1617 2117; baseline 0.003 -22"><span class='ocrx_word' id='word_1_113' title='bbox 365 2061 397 2113; x_wconf 86' lang='lat'><strong>95</strong></span> <span class='ocrx_word' id='word_1_114' title='bbox 410 2035 515 2113; x_wconf 89' lang='lat' dir='ltr'><strong>opima</strong></span> <span class='ocrx_word' id='word_1_115' title='bbox 537 2034 707 2095; x_wconf 82' lang='lat' dir='ltr'><strong>demetitur</strong></span> <span class='ocrx_word' id='word_1_116' title='bbox 732 2035 945 2096; x_wconf 89' lang='lat' dir='ltr'><strong>sacerdotibus</strong></span> <span class='ocrx_word' id='word_1_117' title='bbox 968 2039 1022 2097; x_wconf 93' lang='lat' dir='ltr'><strong>aut</strong></span> <span class='ocrx_word' id='word_1_118' title='bbox 1047 2036 1219 2097; x_wconf 87' lang='lat' dir='ltr'><strong>monachis.</strong></span> <span class='ocrx_word' id='word_1_119' title='bbox 1261 2035 1455 2099; x_wconf 88' lang='lat' dir='ltr'><strong>Prodierant</strong></span> <span class='ocrx_word' id='word_1_120' title='bbox 1482 2040 1617 2117; x_wconf 82' lang='lat' dir='ltr'><strong>primunr</strong></span> 
     </span>
     <span class='ocr_line' id='line_1_15' title="bbox 409 2133 1617 2212; baseline 0.004 -18"><span class='ocrx_word' id='word_1_121' title='bbox 409 2134 668 2212; x_wconf 84' lang='lat' dir='ltr'><strong>aliquammultae</strong></span> <span class='ocrx_word' id='word_1_122' title='bbox 683 2134 912 2211; x_wconf 75' lang='lat' dir='ltr'><strong>propositiones</strong></span> <span class='ocrx_word' id='word_1_123' title='bbox 930 2134 978 2194; x_wconf 91' lang='lat' dir='ltr'><strong>De</strong></span> <span class='ocrx_word' id='word_1_124' title='bbox 997 2134 1235 2196; x_wconf 88' lang='lat' dir='ltr'><strong>remissionibus</strong></span> <span class='ocrx_word' id='word_1_125' title='bbox 1255 2133 1460 2210; x_wconf 89' lang='lat' dir='ltr'><strong>Pontificiis;</strong></span> <span class='ocrx_word' id='word_1_126' title='bbox 1483 2156 1561 2199; x_wconf 83' lang='lat' dir='ltr'><strong>mox</strong></span> <span class='ocrx_word' id='word_1_127' title='bbox 1578 2158 1617 2199; x_wconf 87' lang='lat' dir='ltr'><strong>ac-</strong></span> 
     </span>
     <span class='ocr_line' id='line_1_16' title="bbox 410 2231 1616 2309; baseline 0.005 -17"><span class='ocrx_word' id='word_1_128' title='bbox 410 2232 504 2293; x_wconf 89' lang='lat' dir='ltr'><strong>cessit</strong></span> <span class='ocrx_word' id='word_1_129' title='bbox 518 2250 600 2291; x_wconf 86' lang='lat' dir='ltr'><strong>vnus</strong></span> <span class='ocrx_word' id='word_1_130' title='bbox 612 2234 706 2308; x_wconf 90' lang='lat' dir='ltr'><strong>atque</strong></span> <span class='ocrx_word' id='word_1_131' title='bbox 719 2231 798 2291; x_wconf 87' lang='lat' dir='ltr'><strong>alter</strong></span> <span class='ocrx_word' id='word_1_132' title='bbox 811 2231 937 2292; x_wconf 92' lang='lat' dir='ltr'><strong>libellus</strong></span> <span class='ocrx_word' id='word_1_133' title='bbox 950 2231 998 2293; x_wconf 91' lang='lat' dir='ltr'><strong>De</strong></span> <span class='ocrx_word' id='word_1_134' title='bbox 1012 2232 1212 2307; x_wconf 84' lang='lat' dir='ltr'><strong>confessione,</strong></span> <span class='ocrx_word' id='word_1_135' title='bbox 1224 2232 1270 2292; x_wconf 91' lang='lat' dir='ltr'><strong>De</strong></span> <span class='ocrx_word' id='word_1_136' title='bbox 1284 2232 1497 2309; x_wconf 75' lang='lat' dir='ltr'><strong>poenitentia</strong></span> <span class='ocrx_word' id='word_1_137' title='bbox 1543 2236 1616 2298; x_wconf 75' lang='lat' dir='ltr'><strong>eun</strong></span> 
     </span>
     <span class='ocr_line' id='line_1_17' title="bbox 410 2329 1615 2407; baseline 0.003 -16"><span class='ocrx_word' id='word_1_138' title='bbox 410 2331 561 2391; x_wconf 80' lang='lat' dir='ltr'><strong>sentirem</strong></span> <span class='ocrx_word' id='word_1_139' title='bbox 580 2330 696 2406; x_wconf 80' lang='lat' dir='ltr'><strong>gestire</strong></span> <span class='ocrx_word' id='word_1_140' title='bbox 716 2330 868 2407; x_wconf 88' lang='lat' dir='ltr'><strong>quosdam</strong></span> <span class='ocrx_word' id='word_1_141' title='bbox 885 2331 925 2390; x_wconf 85' lang='lat' dir='ltr'><strong>ad</strong></span> <span class='ocrx_word' id='word_1_142' title='bbox 943 2330 1140 2403; x_wconf 82' lang='lat' dir='ltr'><strong>seditionem,</strong></span> <span class='ocrx_word' id='word_1_143' title='bbox 1156 2330 1236 2391; x_wconf 91' lang='lat' dir='ltr'><strong>serio</strong></span> <span class='ocrx_word' id='word_1_144' title='bbox 1254 2329 1390 2391; x_wconf 82' lang='lat' dir='ltr'><strong>dissuasi</strong></span> <span class='ocrx_word' id='word_1_145' title='bbox 1404 2350 1447 2392; x_wconf 86' lang='lat' dir='ltr'><strong>ne</strong></span> <span class='ocrx_word' id='word_1_146' title='bbox 1464 2333 1615 2394; x_wconf 77' lang='lat' dir='ltr'><strong>inuidiam</strong></span> 
     </span>
     <span class='ocr_line' id='line_1_18' title="bbox 408 2427 1615 2506; baseline 0.002 -17"><span class='ocrx_word' id='word_1_147' title='bbox 408 2428 490 2489; x_wconf 88' lang='lat' dir='ltr'><strong>hanc</strong></span> <span class='ocrx_word' id='word_1_148' title='bbox 507 2427 659 2489; x_wconf 90' lang='lat' dir='ltr'><strong>adderent</strong></span> <span class='ocrx_word' id='word_1_149' title='bbox 679 2427 770 2488; x_wconf 90' lang='lat' dir='ltr'><strong>bonis</strong></span> <span class='ocrx_word' id='word_1_150' title='bbox 785 2427 894 2488; x_wconf 91' lang='lat' dir='ltr'><strong>literis.</strong></span> <span class='ocrx_word' id='word_1_151' title='bbox 937 2427 1040 2489; x_wconf 81' lang='lat' dir='ltr'><strong>Erunt</strong></span> <span class='ocrx_word' id='word_1_152' title='bbox 1060 2428 1155 2489; x_wconf 91' lang='lat' dir='ltr'><strong>huius</strong></span> <span class='ocrx_word' id='word_1_153' title='bbox 1173 2427 1219 2488; x_wconf 92' lang='lat' dir='ltr'><strong>rei</strong></span> <span class='ocrx_word' id='word_1_154' title='bbox 1235 2431 1332 2489; x_wconf 87' lang='lat' dir='ltr'><strong>testes</strong></span> <span class='ocrx_word' id='word_1_155' title='bbox 1347 2431 1382 2489; x_wconf 85' lang='lat' dir='ltr'><strong>et</strong></span> <span class='ocrx_word' id='word_1_156' title='bbox 1401 2431 1461 2506; x_wconf 92' lang='lat' dir='ltr'><strong>qui</strong></span> <span class='ocrx_word' id='word_1_157' title='bbox 1480 2430 1615 2492; x_wconf 87' lang='lat' dir='ltr'><strong>Luthero</strong></span> 
     </span>
    </p>

    <p class='ocr_par' dir='ltr' id='par_1_7' title="bbox 351 2524 1615 2994">
     <span class='ocr_line' id='line_1_19' title="bbox 351 2524 1615 2604; baseline 0.008 -24"><span class='ocrx_word' id='word_1_158' title='bbox 351 2544 397 2581; x_wconf 84' lang='lat' dir='ltr'><strong>roo</strong></span> <span class='ocrx_word' id='word_1_159' title='bbox 408 2526 487 2587; x_wconf 85' lang='lat' dir='ltr'><strong>bene</strong></span> <span class='ocrx_word' id='word_1_160' title='bbox 507 2524 628 2585; x_wconf 86' lang='lat' dir='ltr'><strong>volunt</strong></span> <span class='ocrx_word' id='word_1_161' title='bbox 672 2526 812 2586; x_wconf 80' lang='lat' dir='ltr'><strong>Tandem</strong></span> <span class='ocrx_word' id='word_1_162' title='bbox 832 2526 950 2604; x_wconf 88' lang='lat' dir='ltr'><strong>prodiit</strong></span> <span class='ocrx_word' id='word_1_163' title='bbox 970 2545 1101 2587; x_wconf 86' lang='lat' dir='ltr'><strong>examen</strong></span> <span class='ocrx_word' id='word_1_164' title='bbox 1121 2525 1319 2587; x_wconf 88' lang='lat' dir='ltr'><strong>libellorum:</strong></span> <span class='ocrx_word' id='word_1_165' title='bbox 1343 2546 1441 2589; x_wconf 89' lang='lat' dir='ltr'><strong>nemo</strong></span> <span class='ocrx_word' id='word_1_166' title='bbox 1463 2549 1521 2590; x_wconf 91' lang='lat' dir='ltr'><strong>me</strong></span> <span class='ocrx_word' id='word_1_167' title='bbox 1541 2530 1615 2590; x_wconf 87' lang='lat' dir='ltr'><strong>vidit</strong></span> 
     </span>
     <span class='ocr_line' id='line_1_20' title="bbox 409 2622 1613 2701; baseline 0.006 -19"><span class='ocrx_word' id='word_1_168' title='bbox 409 2622 576 2700; x_wconf 88' lang='lat' dir='ltr'><strong>legentem,</strong></span> <span class='ocrx_word' id='word_1_169' title='bbox 602 2642 695 2682; x_wconf 91' lang='lat' dir='ltr'><strong>nemo</strong></span> <span class='ocrx_word' id='word_1_170' title='bbox 718 2622 905 2700; x_wconf 86' lang='lat' dir='ltr'><strong>probantem</strong></span> <span class='ocrx_word' id='word_1_171' title='bbox 928 2623 1053 2684; x_wconf 87' lang='lat' dir='ltr'><strong>audiuit</strong></span> <span class='ocrx_word' id='word_1_172' title='bbox 1075 2626 1131 2683; x_wconf 89' lang='lat' dir='ltr'><strong>aut</strong></span> <span class='ocrx_word' id='word_1_173' title='bbox 1150 2623 1393 2701; x_wconf 81' lang='lat' dir='ltr'><strong>improbantem.</strong></span> <span class='ocrx_word' id='word_1_174' title='bbox 1439 2625 1511 2688; x_wconf 80' lang='lat' dir='ltr'><strong>Nec</strong></span> <span class='ocrx_word' id='word_1_175' title='bbox 1534 2628 1613 2688; x_wconf 87' lang='lat' dir='ltr'><strong>enirn</strong></span> 
     </span>
     <span class='ocr_line' id='line_1_21' title="bbox 408 2720 1613 2804; baseline 0.006 -24"><span class='ocrx_word' id='word_1_176' title='bbox 408 2726 477 2780; x_wconf 88' lang='lat' dir='ltr'><strong>tam</strong></span> <span class='ocrx_word' id='word_1_177' title='bbox 496 2720 682 2781; x_wconf 88' lang='lat' dir='ltr'><strong>temerarius</strong></span> <span class='ocrx_word' id='word_1_178' title='bbox 697 2740 769 2779; x_wconf 91' lang='lat' dir='ltr'><strong>sum</strong></span> <span class='ocrx_word' id='word_1_179' title='bbox 789 2724 824 2781; x_wconf 90' lang='lat' dir='ltr'><strong>vt</strong></span> <span class='ocrx_word' id='word_1_180' title='bbox 841 2721 969 2798; x_wconf 90' lang='lat' dir='ltr'><strong>probem</strong></span> <span class='ocrx_word' id='word_1_181' title='bbox 990 2722 1073 2799; x_wconf 91' lang='lat' dir='ltr'><strong>quod</strong></span> <span class='ocrx_word' id='word_1_182' title='bbox 1094 2741 1159 2781; x_wconf 90' lang='lat' dir='ltr'><strong>non</strong></span> <span class='ocrx_word' id='word_1_183' title='bbox 1176 2720 1315 2798; x_wconf 81' lang='lat' dir='ltr'><strong>legerim,</strong></span> <span class='ocrx_word' id='word_1_184' title='bbox 1331 2741 1436 2800; x_wconf 88' lang='lat' dir='ltr'><strong>neque</strong></span> <span class='ocrx_word' id='word_1_185' title='bbox 1450 2728 1522 2787; x_wconf 85' lang='lat' dir='ltr'><strong>tarn</strong></span> <span class='ocrx_word' id='word_1_186' title='bbox 1536 2744 1613 2804; x_wconf 79' lang='lat' dir='ltr'><strong>syce</strong></span> 
     </span>
     <span class='ocr_line' id='line_1_22' title="bbox 408 2817 1613 2897; baseline 0.006 -20"><span class='ocrx_word' id='word_1_187' title='bbox 408 2817 576 2895; x_wconf 89' lang='lat' dir='ltr'><strong>phanticus</strong></span> <span class='ocrx_word' id='word_1_188' title='bbox 588 2821 624 2877; x_wconf 95' lang='lat' dir='ltr'><strong>vt</strong></span> <span class='ocrx_word' id='word_1_189' title='bbox 643 2818 790 2878; x_wconf 89' lang='lat' dir='ltr'><strong>damnem</strong></span> <span class='ocrx_word' id='word_1_190' title='bbox 808 2821 891 2897; x_wconf 94' lang='lat' dir='ltr'><strong>quod</strong></span> <span class='ocrx_word' id='word_1_191' title='bbox 910 2820 1068 2894; x_wconf 71' lang='lat' dir='ltr'><strong>nesciam</strong></span> <span class='ocrx_word' id='word_1_192' title='bbox 1089 2820 1213 2880; x_wconf 91' lang='lat' dir='ltr'><strong>etiamsi</strong></span> <span class='ocrx_word' id='word_1_193' title='bbox 1234 2819 1292 2881; x_wconf 93' lang='lat' dir='ltr'><strong>hoc</strong></span> <span class='ocrx_word' id='word_1_194' title='bbox 1312 2819 1408 2880; x_wconf 88' lang='lat' dir='ltr'><strong>hodie</strong></span> <span class='ocrx_word' id='word_1_195' title='bbox 1424 2821 1559 2885; x_wconf 84' lang='lat' dir='ltr'><strong>solenne</strong></span> <span class='ocrx_word' id='word_1_196' title='bbox 1571 2826 1613 2884; x_wconf 84' lang='lat' dir='ltr'><strong>eet</strong></span> 
     </span>
     <span class='ocr_line' id='line_1_23' title="bbox 407 2915 794 2994; baseline 0.008 -19"><span class='ocrx_word' id='word_1_197' title='bbox 407 2915 449 2976; x_wconf 86' lang='lat' dir='ltr'><strong>iis</strong></span> <span class='ocrx_word' id='word_1_198' title='bbox 461 2936 539 2994; x_wconf 89' lang='lat' dir='ltr'><strong>quos</strong></span> <span class='ocrx_word' id='word_1_199' title='bbox 552 2916 685 2976; x_wconf 91' lang='lat' dir='ltr'><strong>minime</strong></span> <span class='ocrx_word' id='word_1_200' title='bbox 698 2917 794 2978; x_wconf 88' lang='lat' dir='ltr'><strong>decet.</strong></span> 
     </span>
    </p>

    <p class='ocr_par' dir='ltr' id='par_1_8' title="bbox 348 3014 1611 3489">
     <span class='ocr_line' id='line_1_24' title="bbox 348 3014 1611 3094; baseline 0.005 -22"><span class='ocrx_word' id='word_1_201' title='bbox 348 3036 395 3086; x_wconf 78' lang='lat'><strong>105</strong></span> <span class='ocrx_word' id='word_1_202' title='bbox 449 3014 555 3075; x_wconf 86' lang='lat' dir='ltr'><strong>Hebet</strong></span> <span class='ocrx_word' id='word_1_203' title='bbox 578 3015 746 3076; x_wconf 82' lang='lat' dir='ltr'><strong>Germania</strong></span> <span class='ocrx_word' id='word_1_204' title='bbox 767 3017 898 3076; x_wconf 92' lang='lat' dir='ltr'><strong>iuuenes</strong></span> <span class='ocrx_word' id='word_1_205' title='bbox 918 3016 1040 3094; x_wconf 92' lang='lat' dir='ltr'><strong>aliquot</strong></span> <span class='ocrx_word' id='word_1_206' title='bbox 1061 3034 1209 3093; x_wconf 86' lang='lat' dir='ltr'><strong>magnam</strong></span> <span class='ocrx_word' id='word_1_207' title='bbox 1233 3019 1267 3076; x_wconf 91' lang='lat' dir='ltr'><strong>et</strong></span> <span class='ocrx_word' id='word_1_208' title='bbox 1290 3016 1483 3080; x_wconf 89' lang='lat' dir='ltr'><strong>eruditionis</strong></span> <span class='ocrx_word' id='word_1_209' title='bbox 1506 3025 1540 3080; x_wconf 90' lang='lat' dir='ltr'><strong>et</strong></span> <span class='ocrx_word' id='word_1_210' title='bbox 1560 3020 1611 3079; x_wconf 87' lang='lat' dir='ltr'><strong>elo·</strong></span> 
     </span>
     <span class='ocr_line' id='line_1_25' title="bbox 408 3113 1611 3196; baseline 0.001 -21"><span class='ocrx_word' id='word_1_211' title='bbox 408 3113 556 3192; x_wconf 74' lang='lat' dir='ltr'><strong>quentiae</strong></span> <span class='ocrx_word' id='word_1_212' title='bbox 578 3131 666 3191; x_wconf 87' lang='lat' dir='ltr'><strong>spem</strong></span> <span class='ocrx_word' id='word_1_213' title='bbox 689 3114 728 3174; x_wconf 91' lang='lat' dir='ltr'><strong>de</strong></span> <span class='ocrx_word' id='word_1_214' title='bbox 750 3134 783 3174; x_wconf 90' lang='lat' dir='ltr'><strong>se</strong></span> <span class='ocrx_word' id='word_1_215' title='bbox 810 3113 1004 3192; x_wconf 84' lang='lat' dir='ltr'><strong>praebentes,</strong></span> <span class='ocrx_word' id='word_1_216' title='bbox 1029 3133 1164 3192; x_wconf 88' lang='lat' dir='ltr'><strong>quorum</strong></span> <span class='ocrx_word' id='word_1_217' title='bbox 1189 3132 1282 3193; x_wconf 86' lang='lat' dir='ltr'><strong>opera</strong></span> <span class='ocrx_word' id='word_1_218' title='bbox 1309 3113 1457 3176; x_wconf 77' lang='lat' dir='ltr'><strong>futurum</strong></span> <span class='ocrx_word' id='word_1_219' title='bbox 1481 3137 1611 3196; x_wconf 89' lang='lat' dir='ltr'><strong>auguror</strong></span> 
     </span>
     <span class='ocr_line' id='line_1_26' title="bbox 409 3212 1610 3293; baseline 0.002 -19"><span class='ocrx_word' id='word_1_220' title='bbox 409 3217 445 3274; x_wconf 86' lang='lat' dir='ltr'><strong>vt</strong></span> <span class='ocrx_word' id='word_1_221' title='bbox 458 3212 628 3291; x_wconf 90' lang='lat' dir='ltr'><strong>aliquando</strong></span> <span class='ocrx_word' id='word_1_222' title='bbox 641 3212 770 3290; x_wconf 84' lang='lat' dir='ltr'><strong>gloriari</strong></span> <span class='ocrx_word' id='word_1_223' title='bbox 783 3213 882 3291; x_wconf 87' lang='lat' dir='ltr'><strong>possit</strong></span> <span class='ocrx_word' id='word_1_224' title='bbox 896 3213 1073 3287; x_wconf 84' lang='lat' dir='ltr'><strong>Germania,</strong></span> <span class='ocrx_word' id='word_1_225' title='bbox 1091 3214 1173 3291; x_wconf 92' lang='lat' dir='ltr'><strong>quod</strong></span> <span class='ocrx_word' id='word_1_226' title='bbox 1188 3232 1272 3273; x_wconf 92' lang='lat' dir='ltr'><strong>nunc</strong></span> <span class='ocrx_word' id='word_1_227' title='bbox 1286 3213 1408 3289; x_wconf 91' lang='lat' dir='ltr'><strong>optimo</strong></span> <span class='ocrx_word' id='word_1_228' title='bbox 1421 3214 1494 3275; x_wconf 89' lang='lat' dir='ltr'><strong>iure</strong></span> <span class='ocrx_word' id='word_1_229' title='bbox 1507 3216 1610 3293; x_wconf 77' lang='lat' dir='ltr'><strong>gloris-</strong></span> 
     </span>
     <span class='ocr_line' id='line_1_27' title="bbox 406 3310 1610 3391; baseline 0 -19"><span class='ocrx_word' id='word_1_230' title='bbox 406 3317 461 3372; x_wconf 87' lang='lat' dir='ltr'><strong>tur</strong></span> <span class='ocrx_word' id='word_1_231' title='bbox 488 3310 663 3371; x_wconf 81' lang='lat' dir='ltr'><strong>Britannia</strong></span> <span class='ocrx_word' id='word_1_232' title='bbox 721 3310 847 3372; x_wconf 90' lang='lat' dir='ltr'><strong>Horum</strong></span> <span class='ocrx_word' id='word_1_233' title='bbox 881 3331 975 3371; x_wconf 90' lang='lat' dir='ltr'><strong>nemo</strong></span> <span class='ocrx_word' id='word_1_234' title='bbox 1002 3311 1082 3372; x_wconf 90' lang='lat' dir='ltr'><strong>mihi</strong></span> <span class='ocrx_word' id='word_1_235' title='bbox 1110 3312 1151 3372; x_wconf 91' lang='lat' dir='ltr'><strong>de</strong></span> <span class='ocrx_word' id='word_1_236' title='bbox 1177 3311 1255 3371; x_wconf 87' lang='lat' dir='ltr'><strong>facie</strong></span> <span class='ocrx_word' id='word_1_237' title='bbox 1283 3313 1377 3371; x_wconf 88' lang='lat' dir='ltr'><strong>notus</strong></span> <span class='ocrx_word' id='word_1_238' title='bbox 1404 3315 1463 3387; x_wconf 91' lang='lat' dir='ltr'><strong>est,</strong></span> <span class='ocrx_word' id='word_1_239' title='bbox 1495 3318 1610 3391; x_wconf 77' lang='lat' dir='ltr'><strong>praeter</strong></span> 
     </span>
     <span class='ocr_line' id='line_1_28' title="bbox 408 3407 1609 3489; baseline 0.002 -20"><span class='ocrx_word' id='word_1_240' title='bbox 408 3407 582 3483; x_wconf 80' lang='lat' dir='ltr'><strong>Robanum,</strong></span> <span class='ocrx_word' id='word_1_241' title='bbox 596 3408 776 3469; x_wconf 86' lang='lat' dir='ltr'><strong>Huttsnum</strong></span> <span class='ocrx_word' id='word_1_242' title='bbox 789 3428 825 3468; x_wconf 90' lang='lat' dir='ltr'><strong>ac</strong></span> <span class='ocrx_word' id='word_1_243' title='bbox 839 3410 983 3470; x_wconf 89' lang='lat' dir='ltr'><strong>Beatum.</strong></span> <span class='ocrx_word' id='word_1_244' title='bbox 1022 3409 1068 3469; x_wconf 94' lang='lat' dir='ltr'><strong>Hi</strong></span> <span class='ocrx_word' id='word_1_245' title='bbox 1083 3408 1170 3471; x_wconf 90' lang='lat' dir='ltr'><strong>nullo</strong></span> <span class='ocrx_word' id='word_1_246' title='bbox 1185 3428 1248 3469; x_wconf 92' lang='lat' dir='ltr'><strong>non</strong></span> <span class='ocrx_word' id='word_1_247' title='bbox 1263 3408 1487 3471; x_wconf 87' lang='lat' dir='ltr'><strong>machinarum</strong></span> <span class='ocrx_word' id='word_1_248' title='bbox 1502 3431 1609 3489; x_wconf 88' lang='lat' dir='ltr'><strong>genere</strong></span> 
     </span>
    </p>

    <p class='ocr_par' dir='ltr' id='par_1_9' title="bbox 347 3506 1607 3978">
     <span class='ocr_line' id='line_1_29' title="bbox 347 3506 1606 3585; baseline -0.005 -10"><span class='ocrx_word' id='word_1_249' title='bbox 347 3537 394 3574; x_wconf 85' lang='lat'><strong>110</strong></span> <span class='ocrx_word' id='word_1_250' title='bbox 406 3526 479 3567; x_wconf 91' lang='lat' dir='ltr'><strong>cum</strong></span> <span class='ocrx_word' id='word_1_251' title='bbox 501 3507 680 3583; x_wconf 84' lang='lat' dir='ltr'><strong>linguarum</strong></span> <span class='ocrx_word' id='word_1_252' title='bbox 701 3527 737 3567; x_wconf 91' lang='lat' dir='ltr'><strong>ac</strong></span> <span class='ocrx_word' id='word_1_253' title='bbox 756 3508 910 3568; x_wconf 89' lang='lat' dir='ltr'><strong>bonarum</strong></span> <span class='ocrx_word' id='word_1_254' title='bbox 932 3507 1104 3582; x_wconf 75' lang='lat' dir='ltr'><strong>literarum,</strong></span> <span class='ocrx_word' id='word_1_255' title='bbox 1128 3507 1242 3585; x_wconf 89' lang='lat' dir='ltr'><strong>quibus</strong></span> <span class='ocrx_word' id='word_1_256' title='bbox 1262 3526 1372 3567; x_wconf 87' lang='lat' dir='ltr'><strong>omnes</strong></span> <span class='ocrx_word' id='word_1_257' title='bbox 1393 3506 1473 3568; x_wconf 91' lang='lat' dir='ltr'><strong>boni</strong></span> <span class='ocrx_word' id='word_1_258' title='bbox 1495 3511 1606 3582; x_wconf 80' lang='lat' dir='ltr'><strong>fauent,</strong></span> 
     </span>
     <span class='ocr_line' id='line_1_30' title="bbox 405 3594 1606 3682; baseline 0.002 -16"><span class='ocrx_word' id='word_1_259' title='bbox 405 3605 549 3666; x_wconf 88' lang='lat' dir='ltr'><strong>hostibus</strong></span> <span class='ocrx_word' id='word_1_260' title='bbox 560 3606 748 3682; x_wconf 87' lang='lat' dir='ltr'><strong>depugnant</strong></span> <span class='ocrx_word' id='word_1_261' title='bbox 792 3605 917 3665; x_wconf 91' lang='lat' dir='ltr'><strong>Horum</strong></span> <span class='ocrx_word' id='word_1_262' title='bbox 932 3606 1110 3667; x_wconf 81' lang='lat' dir='ltr'><strong>libertatem</strong></span> <span class='ocrx_word' id='word_1_263' title='bbox 1120 3607 1235 3667; x_wconf 81' lang='lat' dir='ltr'><strong>isterer</strong></span> <span class='ocrx_word' id='word_1_264' title='bbox 1245 3594 1277 3666; x_wconf 84' lang='lat' dir='ltr'><strong>et</strong></span> <span class='ocrx_word' id='word_1_265' title='bbox 1287 3605 1353 3682; x_wconf 90' lang='lat' dir='ltr'><strong>ipse</strong></span> <span class='ocrx_word' id='word_1_266' title='bbox 1364 3606 1606 3678; x_wconf 86' lang='lat' dir='ltr'><strong>intolerabilem,</strong></span> 
     </span>
     <span class='ocr_line' id='line_1_31' title="bbox 406 3702 1607 3782; baseline 0.002 -20"><span class='ocrx_word' id='word_1_267' title='bbox 406 3704 469 3763; x_wconf 86' lang='lat' dir='ltr'><strong>nisi</strong></span> <span class='ocrx_word' id='word_1_268' title='bbox 479 3703 591 3763; x_wconf 89' lang='lat' dir='ltr'><strong>scirem</strong></span> <span class='ocrx_word' id='word_1_269' title='bbox 601 3721 696 3779; x_wconf 85' lang='lat' dir='ltr'><strong>qusm</strong></span> <span class='ocrx_word' id='word_1_270' title='bbox 704 3704 862 3764; x_wconf 90' lang='lat' dir='ltr'><strong>atrocibus</strong></span> <span class='ocrx_word' id='word_1_271' title='bbox 870 3703 1186 3782; x_wconf 86' lang='lat' dir='ltr'><strong>modistumpublice</strong></span> <span class='ocrx_word' id='word_1_272' title='bbox 1194 3707 1262 3764; x_wconf 92' lang='lat' dir='ltr'><strong>tum</strong></span> <span class='ocrx_word' id='word_1_273' title='bbox 1272 3702 1424 3781; x_wconf 90' lang='lat' dir='ltr'><strong>priuatim</strong></span> <span class='ocrx_word' id='word_1_274' title='bbox 1434 3704 1607 3767; x_wconf 85' lang='lat' dir='ltr'><strong>irritentur.</strong></span> 
     </span>
     <span class='ocr_line' id='line_1_32' title="bbox 407 3800 1606 3877; baseline 0.003 -18"><span class='ocrx_word' id='word_1_275' title='bbox 407 3800 473 3876; x_wconf 88' lang='lat' dir='ltr'><strong>Ipsi</strong></span> <span class='ocrx_word' id='word_1_276' title='bbox 487 3800 547 3860; x_wconf 90' lang='lat' dir='ltr'><strong>sibi</strong></span> <span class='ocrx_word' id='word_1_277' title='bbox 566 3802 754 3877; x_wconf 90' lang='lat' dir='ltr'><strong>permittunt</strong></span> <span class='ocrx_word' id='word_1_278' title='bbox 772 3806 807 3861; x_wconf 90' lang='lat' dir='ltr'><strong>vt</strong></span> <span class='ocrx_word' id='word_1_279' title='bbox 826 3802 861 3862; x_wconf 91' lang='lat' dir='ltr'><strong>in</strong></span> <span class='ocrx_word' id='word_1_280' title='bbox 875 3801 970 3863; x_wconf 88' lang='lat' dir='ltr'><strong>sacris</strong></span> <span class='ocrx_word' id='word_1_281' title='bbox 983 3802 1194 3875; x_wconf 90' lang='lat' dir='ltr'><strong>concionibus,</strong></span> <span class='ocrx_word' id='word_1_282' title='bbox 1211 3803 1245 3862; x_wconf 94' lang='lat' dir='ltr'><strong>in</strong></span> <span class='ocrx_word' id='word_1_283' title='bbox 1259 3801 1384 3874; x_wconf 90' lang='lat' dir='ltr'><strong>scholis,</strong></span> <span class='ocrx_word' id='word_1_284' title='bbox 1401 3803 1437 3862; x_wconf 91' lang='lat' dir='ltr'><strong>in</strong></span> <span class='ocrx_word' id='word_1_285' title='bbox 1453 3803 1606 3865; x_wconf 86' lang='lat' dir='ltr'><strong>conuiuiis</strong></span> 
     </span>
     <span class='ocr_line' id='line_1_33' title="bbox 405 3897 1605 3978; baseline 0.005 -22"><span class='ocrx_word' id='word_1_286' title='bbox 405 3897 608 3973; x_wconf 83' lang='lat' dir='ltr'><strong>odiosissime,</strong></span> <span class='ocrx_word' id='word_1_287' title='bbox 637 3899 702 3959; x_wconf 91' lang='lat' dir='ltr'><strong>imo</strong></span> <span class='ocrx_word' id='word_1_288' title='bbox 731 3900 885 3975; x_wconf 88' lang='lat' dir='ltr'><strong>seditiose,</strong></span> <span class='ocrx_word' id='word_1_289' title='bbox 917 3901 1045 3978; x_wconf 89' lang='lat' dir='ltr'><strong>quiduis</strong></span> <span class='ocrx_word' id='word_1_290' title='bbox 1075 3901 1286 3962; x_wconf 83' lang='lat' dir='ltr'><strong>vociferentur</strong></span> <span class='ocrx_word' id='word_1_291' title='bbox 1315 3899 1398 3977; x_wconf 90' lang='lat' dir='ltr'><strong>apud</strong></span> <span class='ocrx_word' id='word_1_292' title='bbox 1428 3900 1605 3978; x_wconf 80' lang='lat' dir='ltr'><strong>imperitam</strong></span> 
     </span>
    </p>

    <p class='ocr_par' dir='ltr' id='par_1_10' title="bbox 346 3994 1606 4174">
     <span class='ocr_line' id='line_1_34' title="bbox 346 3994 1604 4074; baseline 0.004 -19"><span class='ocrx_word' id='word_1_293' title='bbox 346 3994 664 4072; x_wconf 80' lang='lat' dir='ltr'><strong>115multitudinem3</strong></span> <span class='ocrx_word' id='word_1_294' title='bbox 683 4001 715 4057; x_wconf 92' lang='lat' dir='ltr'><strong>et</strong></span> <span class='ocrx_word' id='word_1_295' title='bbox 735 3998 857 4059; x_wconf 85' lang='lat' dir='ltr'><strong>facinus</strong></span> <span class='ocrx_word' id='word_1_296' title='bbox 877 4017 941 4058; x_wconf 91' lang='lat' dir='ltr'><strong>non</strong></span> <span class='ocrx_word' id='word_1_297' title='bbox 960 3999 1125 4059; x_wconf 83' lang='lat' dir='ltr'><strong>ferendum</strong></span> <span class='ocrx_word' id='word_1_298' title='bbox 1143 3997 1348 4071; x_wconf 87' lang='lat' dir='ltr'><strong>arbitrantur,</strong></span> <span class='ocrx_word' id='word_1_299' title='bbox 1363 3996 1391 4057; x_wconf 91' lang='lat' dir='ltr'><strong>si</strong></span> <span class='ocrx_word' id='word_1_300' title='bbox 1409 3998 1483 4074; x_wconf 88' lang='lat' dir='ltr'><strong>quis</strong></span> <span class='ocrx_word' id='word_1_301' title='bbox 1497 4000 1604 4060; x_wconf 86' lang='lat' dir='ltr'><strong>horum</strong></span> 
     </span>
     <span class='ocr_line' id='line_1_35' title="bbox 404 4093 1606 4174; baseline 0.002 -21"><span class='ocrx_word' id='word_1_302' title='bbox 404 4093 485 4153; x_wconf 90' lang='lat' dir='ltr'><strong>ausit</strong></span> <span class='ocrx_word' id='word_1_303' title='bbox 495 4094 618 4166; x_wconf 88' lang='lat' dir='ltr'><strong>mutire,</strong></span> <span class='ocrx_word' id='word_1_304' title='bbox 630 4115 702 4155; x_wconf 90' lang='lat' dir='ltr'><strong>cum</strong></span> <span class='ocrx_word' id='word_1_305' title='bbox 717 4099 749 4156; x_wconf 89' lang='lat' dir='ltr'><strong>et</strong></span> <span class='ocrx_word' id='word_1_306' title='bbox 759 4096 891 4173; x_wconf 92' lang='lat' dir='ltr'><strong>apiculis</strong></span> <span class='ocrx_word' id='word_1_307' title='bbox 901 4097 943 4157; x_wconf 88' lang='lat' dir='ltr'><strong>sit</strong></span> <span class='ocrx_word' id='word_1_308' title='bbox 954 4097 1080 4158; x_wconf 92' lang='lat' dir='ltr'><strong>aculeus</strong></span> <span class='ocrx_word' id='word_1_309' title='bbox 1094 4116 1155 4174; x_wconf 92' lang='lat' dir='ltr'><strong>quo</strong></span> <span class='ocrx_word' id='word_1_310' title='bbox 1167 4096 1267 4156; x_wconf 89' lang='lat' dir='ltr'><strong>laesae</strong></span> <span class='ocrx_word' id='word_1_311' title='bbox 1277 4095 1400 4170; x_wconf 86' lang='lat' dir='ltr'><strong>feriant,</strong></span> <span class='ocrx_word' id='word_1_312' title='bbox 1413 4098 1447 4155; x_wconf 87' lang='lat' dir='ltr'><strong>et</strong></span> <span class='ocrx_word' id='word_1_313' title='bbox 1457 4096 1606 4158; x_wconf 87' lang='lat' dir='ltr'><strong>musculis</strong></span> 
     </span>
    </p>
   </div>
   <div class='ocr_carea' id='block_1_3' title="bbox 399 4282 1605 5068">
    <p class='ocr_par' dir='ltr' id='par_1_11' title="bbox 436 4282 1605 4347">
     <span class='ocr_line' id='line_1_36' title="bbox 436 4282 1605 4347; baseline 0.001 -16"><span class='ocrx_word' id='word_1_314' title='bbox 436 4299 477 4345; x_wconf 75' lang='lat'><strong>9²·</strong></span> <span class='ocrx_word' id='word_1_315' title='bbox 498 4282 659 4347; x_wconf 86' lang='lat' dir='ltr'><strong>iniquiores]</strong></span> <span class='ocrx_word' id='word_1_316' title='bbox 672 4282 712 4333; x_wconf 81' lang='lat' dir='ltr'><strong>cf.</strong></span> <span class='ocrx_word' id='word_1_317' title='bbox 726 4284 775 4345; x_wconf 84' lang='lat' dir='ltr'><strong>Ep.</strong></span> <span class='ocrx_word' id='word_1_318' title='bbox 787 4297 847 4344; x_wconf 83' lang='lat'><strong>904.</strong></span> <span class='ocrx_word' id='word_1_319' title='bbox 861 4297 891 4344; x_wconf 86' lang='lat'><strong>19</strong></span> <span class='ocrx_word' id='word_1_320' title='bbox 899 4299 927 4333; x_wconf 89' lang='lat' dir='ltr'><strong>n.</strong></span> <span class='ocrx_word' id='word_1_321' title='bbox 1028 4287 1057 4333; x_wconf 82' lang='lat' dir='ltr'><strong>st</strong></span> <span class='ocrx_word' id='word_1_322' title='bbox 1088 4283 1269 4345; x_wconf 82' lang='lat' dir='ltr'><strong>Wittenberg.</strong></span> <span class='ocrx_word' id='word_1_323' title='bbox 1318 4282 1343 4331; x_wconf 92' lang='lat' dir='ltr'><strong>lt</strong></span> <span class='ocrx_word' id='word_1_324' title='bbox 1371 4283 1395 4332; x_wconf 87' lang='lat' dir='ltr'><strong>is</strong></span> <span class='ocrx_word' id='word_1_325' title='bbox 1424 4299 1477 4333; x_wconf 90' lang='lat' dir='ltr'><strong>one</strong></span> <span class='ocrx_word' id='word_1_326' title='bbox 1505 4288 1536 4334; x_wconf 82' lang='lat' dir='ltr'><strong>of</strong></span> <span class='ocrx_word' id='word_1_327' title='bbox 1562 4286 1605 4334; x_wconf 82' lang='lat' dir='ltr'><strong>the</strong></span> 
     </span>
    </p>

    <p class='ocr_par' dir='ltr' id='par_1_12' title="bbox 399 4348 1605 5005">
     <span class='ocr_line' id='line_1_37' title="bbox 434 4348 1604 4414; baseline 0.004 -18"><span class='ocrx_word' id='word_1_328' title='bbox 434 4352 475 4413; x_wconf 88' lang='lat'><strong>96.</strong></span> <span class='ocrx_word' id='word_1_329' title='bbox 492 4349 533 4397; x_wconf 87' lang='lat' dir='ltr'><strong>De</strong></span> <span class='ocrx_word' id='word_1_330' title='bbox 552 4349 768 4413; x_wconf 90' lang='lat' dir='ltr'><strong>remissionibus]</strong></span> <span class='ocrx_word' id='word_1_331' title='bbox 788 4350 837 4398; x_wconf 87' lang='lat' dir='ltr'><strong>See</strong></span> <span class='ocrx_word' id='word_1_332' title='bbox 854 4349 902 4412; x_wconf 77' lang='lat' dir='ltr'><strong>Ep.</strong></span> <span class='ocrx_word' id='word_1_333' title='bbox 923 4350 979 4412; x_wconf 81' lang='lat'><strong>785.</strong></span> <span class='ocrx_word' id='word_1_334' title='bbox 1028 4352 1117 4412; x_wconf 92' lang='lat' dir='ltr'><strong>pieces</strong></span> <span class='ocrx_word' id='word_1_335' title='bbox 1136 4349 1167 4398; x_wconf 91' lang='lat' dir='ltr'><strong>in</strong></span> <span class='ocrx_word' id='word_1_336' title='bbox 1184 4349 1311 4398; x_wconf 80' lang='lat' dir='ltr'><strong>Frobon’s</strong></span> <span class='ocrx_word' id='word_1_337' title='bbox 1326 4348 1438 4399; x_wconf 84' lang='lat' dir='ltr'><strong>volume</strong></span> <span class='ocrx_word' id='word_1_338' title='bbox 1450 4350 1483 4412; x_wconf 93' lang='lat' dir='ltr'><strong>(l.</strong></span> <span class='ocrx_word' id='word_1_339' title='bbox 1498 4352 1604 4414; x_wconf 78' lang='lat' dir='ltr'><strong>soom),</strong></span> 
     </span>
     <span class='ocr_line' id='line_1_38' title="bbox 401 4413 1604 4479; baseline 0.002 -15"><span class='ocrx_word' id='word_1_340' title='bbox 401 4428 469 4477; x_wconf 79' lang='lat'>3711.</span> <span class='ocrx_word' id='word_1_341' title='bbox 1028 4415 1078 4464; x_wconf 91' lang='lat' dir='ltr'><strong>bnt</strong></span> <span class='ocrx_word' id='word_1_342' title='bbox 1088 4414 1104 4463; x_wconf 96' lang='lat'>1</span> <span class='ocrx_word' id='word_1_343' title='bbox 1115 4415 1215 4463; x_wconf 88' lang='lat' dir='ltr'><strong>cannot</strong></span> <span class='ocrx_word' id='word_1_344' title='bbox 1231 4413 1289 4462; x_wconf 86' lang='lat' dir='ltr'><strong>find</strong></span> <span class='ocrx_word' id='word_1_345' title='bbox 1305 4414 1368 4463; x_wconf 80' lang='lat' dir='ltr'><strong>that</strong></span> <span class='ocrx_word' id='word_1_346' title='bbox 1383 4416 1408 4463; x_wconf 89' lang='lat' dir='ltr'><strong>it</strong></span> <span class='ocrx_word' id='word_1_347' title='bbox 1425 4429 1482 4466; x_wconf 85' lang='lat' dir='ltr'><strong>was</strong></span> <span class='ocrx_word' id='word_1_348' title='bbox 1499 4416 1604 4479; x_wconf 77' lang='lat' dir='ltr'><strong>printed</strong></span> 
     </span>
     <span class='ocr_line' id='line_1_39' title="bbox 402 4478 1605 4610; baseline -0.002 -15"><span class='ocrx_word' id='word_1_349' title='bbox 402 4479 535 4606; x_wconf 51' lang='lat' dir='ltr'><strong>fflffi?</strong></span> <span class='ocrx_word' id='word_1_350' title='bbox 554 4478 978 4609; x_wconf 46' lang='grc' dir='ltr'><strong>ὖῗέῐθζιξξθέὒὲωξὲἓῗάιιιὲ</strong></span> <span class='ocrx_word' id='word_1_351' title='bbox 1028 4480 1270 4609; x_wconf 48' lang='grc' dir='ltr'><strong>Ὓιῗωέζὲωου]</strong></span> <span class='ocrx_word' id='word_1_352' title='bbox 1298 4544 1450 4610; x_wconf 77' lang='lat' dir='ltr'><strong>Evidently</strong></span> <span class='ocrx_word' id='word_1_353' title='bbox 1479 4548 1605 4598; x_wconf 75' lang='lat' dir='ltr'><strong>Froben’r</strong></span> 
     </span>
     <span class='ocr_line' id='line_1_40' title="bbox 403 4610 1574 4676; baseline 0.003 -15"><span class='ocrx_word' id='word_1_354' title='bbox 403 4625 458 4673; x_wconf 81' lang='lat'><em>141.</em></span> <span class='ocrx_word' id='word_1_355' title='bbox 474 4612 535 4674; x_wconf 67' lang='grc' dir='ltr'><strong>ῳ),</strong></span> <span class='ocrx_word' id='word_1_356' title='bbox 546 4611 599 4659; x_wconf 87' lang='lat' dir='ltr'><strong>and</strong></span> <span class='ocrx_word' id='word_1_357' title='bbox 608 4610 718 4672; x_wconf 87' lang='lat' dir='ltr'><strong>printed</strong></span> <span class='ocrx_word' id='word_1_358' title='bbox 726 4610 845 4660; x_wconf 85' lang='lat' dir='ltr'><strong>without</strong></span> <span class='ocrx_word' id='word_1_359' title='bbox 853 4612 978 4661; x_wconf 69' lang='lat' dir='ltr'><strong>Luthers</strong></span> <span class='ocrx_word' id='word_1_360' title='bbox 1027 4612 1172 4673; x_wconf 89' lang='lat' dir='ltr'><strong>composite</strong></span> <span class='ocrx_word' id='word_1_361' title='bbox 1183 4612 1306 4671; x_wconf 86' lang='lat' dir='ltr'><strong>volume;</strong></span> <span class='ocrx_word' id='word_1_362' title='bbox 1324 4610 1359 4661; x_wconf 83' lang='lat' dir='ltr'><strong>cl.</strong></span> <span class='ocrx_word' id='word_1_363' title='bbox 1371 4610 1421 4673; x_wconf 74' lang='lat' dir='ltr'><strong>Ep.</strong></span> <span class='ocrx_word' id='word_1_364' title='bbox 1434 4626 1494 4673; x_wconf 80' lang='lat'>⁹04·</span> <span class='ocrx_word' id='word_1_365' title='bbox 1508 4628 1574 4676; x_wconf 73' lang='lat' dir='ltr'><strong>ron.</strong></span> 
     </span>
     <span class='ocr_line' id='line_1_41' title="bbox 401 4673 1451 4740; baseline 0.002 -15"><span class='ocrx_word' id='word_1_366' title='bbox 401 4676 559 4739; x_wconf 78' lang='lat' dir='ltr'><strong>knowledge</strong></span> <span class='ocrx_word' id='word_1_367' title='bbox 570 4680 599 4725; x_wconf 91' lang='lat' dir='ltr'><strong>at</strong></span> <span class='ocrx_word' id='word_1_368' title='bbox 609 4676 760 4739; x_wconf 73' lang='lat' dir='ltr'><strong>Augsburg,</strong></span> <span class='ocrx_word' id='word_1_369' title='bbox 770 4676 856 4739; x_wconf 87' lang='lat' dir='ltr'><strong>Basle,</strong></span> <span class='ocrx_word' id='word_1_370' title='bbox 869 4677 978 4740; x_wconf 84' lang='lat' dir='ltr'><strong>Leipzig</strong></span> <span class='ocrx_word' id='word_1_371' title='bbox 1062 4692 1116 4739; x_wconf 64' lang='lat' dir='ltr'><strong>rou</strong></span> <span class='ocrx_word' id='word_1_372' title='bbox 1134 4673 1286 4739; x_wconf 76' lang='lat' dir='ltr'><strong>Batauum]</strong></span> <span class='ocrx_word' id='word_1_373' title='bbox 1298 4676 1346 4725; x_wconf 88' lang='lat' dir='ltr'><strong>See</strong></span> <span class='ocrx_word' id='word_1_374' title='bbox 1358 4691 1385 4739; x_wconf 84' lang='lat' dir='ltr'><strong>p.</strong></span> <span class='ocrx_word' id='word_1_375' title='bbox 1393 4691 1451 4738; x_wconf 84' lang='lat'>41¹·</span> 
     </span>
     <span class='ocr_line' id='line_1_42' title="bbox 400 4740 1605 4806; baseline 0.002 -16"><span class='ocrx_word' id='word_1_376' title='bbox 400 4741 455 4791; x_wconf 90' lang='lat' dir='ltr'><strong>and</strong></span> <span class='ocrx_word' id='word_1_377' title='bbox 466 4742 674 4804; x_wconf 81' lang='lat' dir='ltr'><strong>Nurembergin</strong></span> <span class='ocrx_word' id='word_1_378' title='bbox 685 4755 756 4802; x_wconf 82' lang='lat'>15¹9·</span> <span class='ocrx_word' id='word_1_379' title='bbox 781 4742 874 4791; x_wconf 77' lang='lat' dir='ltr'><strong>About</strong></span> <span class='ocrx_word' id='word_1_380' title='bbox 883 4743 977 4793; x_wconf 82' lang='lat' dir='ltr'><strong>llsrch</strong></span> <span class='ocrx_word' id='word_1_381' title='bbox 1092 4740 1221 4806; x_wconf 89' lang='lat' dir='ltr'><strong>Beatum]</strong></span> <span class='ocrx_word' id='word_1_382' title='bbox 1247 4742 1297 4791; x_wconf 80' lang='lat' dir='ltr'><strong>See</strong></span> <span class='ocrx_word' id='word_1_383' title='bbox 1322 4740 1371 4805; x_wconf 81' lang='lat' dir='ltr'><strong>Ep.</strong></span> <span class='ocrx_word' id='word_1_384' title='bbox 1397 4756 1458 4805; x_wconf 78' lang='lat'><strong>327.</strong></span> <span class='ocrx_word' id='word_1_385' title='bbox 1500 4745 1537 4796; x_wconf 89' lang='lat' dir='ltr'><strong>In</strong></span> <span class='ocrx_word' id='word_1_386' title='bbox 1564 4744 1605 4793; x_wconf 86' lang='lat' dir='ltr'><strong>his</strong></span> 
     </span>
     <span class='ocr_line' id='line_1_43' title="bbox 402 4806 1603 4870; baseline 0.002 -15"><span class='ocrx_word' id='word_1_387' title='bbox 402 4821 467 4869; x_wconf 78' lang='lat'><strong>1520</strong></span> <span class='ocrx_word' id='word_1_388' title='bbox 477 4807 513 4856; x_wconf 89' lang='lat' dir='ltr'><strong>he</strong></span> <span class='ocrx_word' id='word_1_389' title='bbox 524 4807 670 4870; x_wconf 86' lang='lat' dir='ltr'><strong>published</strong></span> <span class='ocrx_word' id='word_1_390' title='bbox 681 4808 704 4856; x_wconf 86' lang='lat' dir='ltr'><strong>it</strong></span> <span class='ocrx_word' id='word_1_391' title='bbox 716 4809 746 4856; x_wconf 91' lang='lat' dir='ltr'><strong>in</strong></span> <span class='ocrx_word' id='word_1_392' title='bbox 757 4807 846 4869; x_wconf 76' lang='lat' dir='ltr'><strong>latin,</strong></span> <span class='ocrx_word' id='word_1_393' title='bbox 858 4808 977 4859; x_wconf 76' lang='lat' dir='ltr'><strong>witten-</strong></span> <span class='ocrx_word' id='word_1_394' title='bbox 1026 4822 1085 4858; x_wconf 84' lang='lat' dir='ltr'><strong>cass</strong></span> <span class='ocrx_word' id='word_1_395' title='bbox 1096 4808 1280 4857; x_wconf 78' lang='lat' dir='ltr'><strong>Erasmmcan</strong></span> <span class='ocrx_word' id='word_1_396' title='bbox 1288 4806 1388 4869; x_wconf 82' lang='lat' dir='ltr'><strong>hardly</strong></span> <span class='ocrx_word' id='word_1_397' title='bbox 1394 4807 1465 4857; x_wconf 84' lang='lat' dir='ltr'><strong>bave</strong></span> <span class='ocrx_word' id='word_1_398' title='bbox 1474 4808 1603 4860; x_wconf 83' lang='lat' dir='ltr'><strong>intended</strong></span> 
     </span>
     <span class='ocr_line' id='line_1_44' title="bbox 401 4872 1570 4939; baseline 0.004 -18"><span class='ocrx_word' id='word_1_399' title='bbox 401 4874 475 4934; x_wconf 80' lang='lat' dir='ltr'><strong>berg,</strong></span> <span class='ocrx_word' id='word_1_400' title='bbox 484 4874 509 4922; x_wconf 83' lang='lat' dir='ltr'><strong>J.</strong></span> <span class='ocrx_word' id='word_1_401' title='bbox 523 4873 707 4935; x_wconf 83' lang='lat' dir='ltr'><strong>Grunsnberg‚</strong></span> <span class='ocrx_word' id='word_1_402' title='bbox 722 4873 792 4922; x_wconf 86' lang='lat' dir='ltr'><strong>with</strong></span> <span class='ocrx_word' id='word_1_403' title='bbox 807 4873 872 4924; x_wconf 73' lang='lat' dir='ltr'><strong>LE‘.</strong></span> <span class='ocrx_word' id='word_1_404' title='bbox 887 4889 937 4937; x_wconf 70' lang='grc' dir='ltr'><strong>οφ</strong></span> <span class='ocrx_word' id='word_1_405' title='bbox 948 4889 978 4922; x_wconf 87' lang='lat' dir='ltr'><strong>ss</strong></span> <span class='ocrx_word' id='word_1_406' title='bbox 1025 4876 1055 4923; x_wconf 92' lang='lat' dir='ltr'><strong>to</strong></span> <span class='ocrx_word' id='word_1_407' title='bbox 1066 4873 1203 4936; x_wconf 86' lang='lat' dir='ltr'><strong>complain</strong></span> <span class='ocrx_word' id='word_1_408' title='bbox 1214 4874 1244 4922; x_wconf 81' lang='lat' dir='ltr'><strong>of</strong></span> <span class='ocrx_word' id='word_1_409' title='bbox 1253 4874 1260 4902; x_wconf 88' lang='lat'>‘</span> <span class='ocrx_word' id='word_1_410' title='bbox 1270 4872 1432 4923; x_wconf 87' lang='lat' dir='ltr'><strong>intolerabls</strong></span> <span class='ocrx_word' id='word_1_411' title='bbox 1443 4873 1547 4939; x_wconf 82' lang='lat' dir='ltr'><strong>liberty</strong></span> <span class='ocrx_word' id='word_1_412' title='bbox 1553 4876 1570 4928; x_wconf 84' lang='lat'><strong>&#39;.</strong></span> 
     </span>
     <span class='ocr_line' id='line_1_45' title="bbox 399 4937 1603 5005; baseline 0.006 -20"><span class='ocrx_word' id='word_1_413' title='bbox 399 4938 521 5000; x_wconf 83' lang='lat' dir='ltr'><strong>prefaoe;</strong></span> <span class='ocrx_word' id='word_1_414' title='bbox 539 4938 716 4989; x_wconf 72' lang='lat' dir='ltr'><strong>otalsoIdl&#39;.</strong></span> <span class='ocrx_word' id='word_1_415' title='bbox 729 4941 854 5003; x_wconf 60' lang='lat' dir='ltr'><strong>comedo.</strong></span> <span class='ocrx_word' id='word_1_416' title='bbox 1061 4953 1116 5002; x_wconf 78' lang='lat'><strong>113.</strong></span> <span class='ocrx_word' id='word_1_417' title='bbox 1134 4937 1205 5005; x_wconf 89' lang='lat' dir='ltr'><strong>Ipsi]</strong></span> <span class='ocrx_word' id='word_1_418' title='bbox 1223 4938 1280 4989; x_wconf 77' lang='lat' dir='ltr'><strong>&#39;l&#39;he</strong></span> <span class='ocrx_word' id='word_1_419' title='bbox 1297 4943 1484 4990; x_wconf 80' lang='lat' dir='ltr'><strong>conservative</strong></span> <span class='ocrx_word' id='word_1_420' title='bbox 1506 4940 1603 4992; x_wconf 75' lang='lat' dir='ltr'><strong>theoto</strong></span> 
     </span>
    </p>

    <p class='ocr_par' dir='ltr' id='par_1_13' title="bbox 465 5002 1112 5068">
     <span class='ocr_line' id='line_1_46' title="bbox 465 5002 1112 5068; baseline 0.005 -16"><span class='ocrx_word' id='word_1_421' title='bbox 465 5002 976 5068; x_wconf 77' lang='lat' dir='ltr'><strong>Deposuitentia]Asermonpreaohed</strong></span> <span class='ocrx_word' id='word_1_422' title='bbox 1025 5005 1112 5068; x_wconf 79' lang='lat' dir='ltr'><strong>gisus.</strong></span> 
     </span>
    </p>
   </div>
   <div class='ocr_carea' id='block_1_4' title="bbox 0 0 1938 6034">
    <p class='ocr_par' dir='ltr' id='par_1_14' title="bbox 0 0 1938 6034">
     <span class='ocr_line' id='line_1_47' title="bbox 0 0 1938 6034; baseline 0 9"><span class='ocrx_word' id='word_1_423' title='bbox 0 0 1938 6034; x_wconf 95' lang='lat' dir='ltr'><strong> </strong></span> 
     </span>
    </p>
   </div>
  </div>
 </body>
</html>
