3867 6034
470 712 532 773 882
818 711 1009 773 LETTERS
1036 711 1090 772 OF
1117 709 1317 772 ERASMUS
1574 704 1672 790 [1518

468 878 564 940 officit
584 879 690 939 studio
709 897 869 940 sacrarum
893 878 1128 955 Scriptursrum
1150 877 1360 937 verumetiam
1385 875 1541 949 conducit,
1563 877 1672 936 autore

423 1050 429 1060 ⁶
467 976 542 1038 diuo
565 976 754 1054 Augustino.
799 976 908 1053 Neque
931 979 1041 1036 tamen
1064 995 1197 1053 usquam
1221 978 1311 1036 tanta
1334 976 1383 1035 est
1407 973 1544 1034 varietas
1567 975 1604 1032 vt
1630 973 1671 1034 ad

465 1072 654 1135 orthodoxae
667 1074 743 1135 fidei
752 1074 928 1151 periculum
942 1074 1110 1151 pertineat.
1152 1074 1194 1135 In
1207 1092 1333 1133 summa
1345 1075 1400 1133 aut
1414 1092 1466 1132 me
1479 1071 1573 1148 plane
1587 1070 1672 1133 fallit

421 1181 453 1246 ⁶5
466 1172 568 1249 operis
594 1191 690 1246 amor,
716 1175 772 1232 aut
795 1172 967 1233 allaturum
994 1174 1043 1233 est
1070 1192 1136 1233 non
1160 1172 1349 1232 mediocrem
1376 1171 1549 1231 utilitatem
1573 1170 1672 1232 sacris

465 1269 589 1343 studiis,
604 1270 637 1329 S.
653 1271 690 1329 D.
707 1269 745 1329 N.
763 1270 861 1330 Leoni
876 1289 939 1331 non
953 1270 1127 1331 minimum
1142 1270 1236 1329 decus
1250 1270 1332 1347 apud
1347 1272 1494 1346 posteros,
1512 1288 1585 1328 cum
1604 1268 1670 1329 iam

465 1368 603 1446 quiescet
623 1368 706 1429 liuor
726 1370 758 1427 et
778 1368 934 1429 sentietur
952 1368 1094 1443 utilitas3
1123 1387 1203 1446 quae
1221 1368 1350 1446 quidem
1367 1370 1438 1427 tum
1454 1366 1578 1427 uberior
1598 1369 1670 1426 tum

466 1466 619 1528 maturior
638 1467 810 1543 continget,
832 1466 860 1526 si
881 1467 1001 1527 summi
1023 1467 1158 1544 pastoris
1181 1467 1345 1527 accesserit
1369 1464 1560 1543 approbatio.
1605 1464 1671 1526 Nec

465 1563 557 1625 aliter
570 1564 663 1641 cupio
676 1564 803 1642 probari
816 1564 881 1625 nisi
893 1567 931 1624 vt
945 1563 1082 1625 declaret
1100 1564 1158 1625 hoc
1172 1583 1251 1642 opus
1264 1563 1304 1624 ob
1317 1563 1491 1625 utilitatem
1509 1581 1670 1623 sacrorum

422 1685 454 1735 70
464 1661 643 1723 studiorum
656 1661 717 1721 sibi
731 1664 856 1739 gratum
869 1682 947 1722 esse.

507 1759 571 1820 Pro
592 1780 661 1821 mea
681 1759 885 1837 inscriptione
905 1779 971 1821 non
991 1761 1077 1822 aliud
1099 1779 1192 1839 posco
1213 1760 1396 1837 praemium.
1439 1758 1534 1820 Alius
1550 1777 1670 1820 munus

465 1857 592 1937 aliquod
618 1861 802 1936 expectaret,
830 1858 913 1918 alius
939 1858 1146 1920 sacerdotium
1174 1859 1345 1936 flagitaretr
1374 1877 1432 1935 ego
1460 1858 1515 1935 qui
1542 1861 1669 1919 tantum

466 1956 610 2033 prodesse
629 1955 746 2028 studui,
764 1954 842 2015 satis
860 1954 1003 2032 amplum
1022 1957 1180 2033 premium
1201 1956 1283 2016 mihi
1303 1955 1434 2017 videbor
1453 1959 1622 2030 assecutus,
1642 1957 1669 2017 si

465 2054 631 2131 contigerit
651 2054 740 2115 cuius
759 2053 860 2131 gratia
879 2056 1007 2115 tantum
1028 2055 1151 2131 suscepi
1170 2054 1357 2132 vigiliarum
1400 2054 1591 2131 Amplitudo
1614 2058 1670 2115 tus

421 2174 452 2228 7⁵
465 2170 533 2212 rem
546 2152 668 2212 duobus
680 2150 786 2211 verbis
803 2150 994 2228 impetrabit,
1009 2154 1135 2228 gratum
1148 2153 1268 2213 factura
1281 2155 1351 2212 tum
1371 2152 1433 2228 ipsi
1447 2152 1581 2227 Christo,
1598 2156 1668 2215 tum

464 2249 614 2311 studiosis
638 2248 794 2323 omnibus,
820 2251 891 2308 tum
915 2249 1113 2327 peculiariter
1136 2250 1301 2325 Frobenio‚
1323 2249 1391 2309 viro
1413 2250 1470 2310 tali
1491 2254 1527 2310 vt
1547 2250 1670 2311 nullius

465 2347 604 2408 officinae
624 2347 696 2423 plus
717 2346 850 2407 debeant
868 2367 1027 2408 sacrarum
1045 2348 1150 2409 studia
1166 2347 1340 2408 literarum.
1383 2346 1469 2424 Opus
1489 2347 1669 2408 absoluetur

465 2446 550 2507 intra
573 2464 698 2506 menses
719 2447 802 2504 tres:
830 2444 859 2504 si
879 2445 999 2506 interea
1018 2445 1153 2506 missum
1177 2445 1238 2506 erit
1261 2445 1373 2518 Breue,
1397 2444 1514 2522 poterit
1538 2446 1669 2523 praefigi

465 2542 560 2619 operi.
604 2542 792 2620 Magnopere
809 2560 885 2619 rogo
901 2543 1122 2604 celsitudinem
1141 2546 1238 2617 tuam,
1254 2542 1324 2603 sine
1343 2542 1467 2602 mohac
1483 2543 1517 2601 in
1532 2561 1566 2601 re
1580 2547 1669 2603 tuam

420 2653 453 2703 to
465 2640 599 2718 experiri
621 2639 879 2713 1000110001ἱοοη
899 2640 1031 2701 efficiam
1044 2640 1188 2701 vicissim
1200 2644 1238 2701 vt
1256 2658 1366 2700 omnes
1384 2639 1579 2702 eruditorum
1599 2659 1671 2702 een·

465 2737 567 2798 turice
586 2736 766 2814 intelligant
786 2758 820 2799 se
840 2739 950 2799 debere
969 2736 1094 2797 Puccio.
1137 2736 1409 2799 Reuerendissimo
1429 2736 1467 2797 D.
1490 2737 1670 2799 Sedunensi

465 2835 571 2896 omnia
581 2834 683 2895 fausta
696 2855 819 2912 precor:
841 2835 930 2897 cuius
941 2838 974 2896 et
984 2834 1229 2911 amplitudinem
1243 2838 1276 2895 et
1286 2833 1399 2895 merita
1409 2834 1507 2911 breui,
1521 2836 1556 2896 vt
1565 2855 1667 2913 spero,

465 2931 551 2992 Deus
565 2932 636 3009 Opt.
654 2933 734 2994 Man
750 2934 902 3011 respiciet.

505 3029 592 3091 Bene
605 3031 676 3091 vale
688 3035 720 3093 et
734 3032 858 3108 ignosce
871 3054 879 3105 ;
909 3051 984 3092 nam
998 3031 1073 3092 haec
1086 3029 1270 3107 scripsimus
1284 3032 1319 3091 in
1333 3031 1401 3109 ipso
1415 3030 1587 3108 procinctu,
1603 3030 1668 3091 ianr

420 3133 452 3196 85
464 3128 638 3206 ingressuri
650 3130 766 3191 nauim.

503 3226 651 3302 Basileae,
666 3228 802 3306 septimo
815 3227 919 3289 Galen.
936 3226 1108 3305 Septembr.
1125 3228 1220 3287 Aurio
1231 3246 1397 3287 isnavrn.

790 3502 863 3567 861.
907 3499 957 3566 To
980 3498 1128 3565 Oswaan
1150 3499 1343 3567 Mrcourrs.

498 3665 667 3722 Auctarium
679 3685 706 3737 p.
720 3683 781 3724 202.
1460 3670 1552 3727 Basle.

499 3752 543 3811 11².
556 3772 584 3823 p.
596 3770 666 3825 203:
686 3754 716 3812 1².
728 3774 756 3825 p.
773 3758 838 3826 165:
857 3755 927 3812 HN:
947 3755 1037 3813 hond
1050 3754 1092 3813 iii.
1105 3772 1157 3828 37:
1176 3755 1233 3813 LB.
1248 3772 1309 3828 332·
1376 3760 1410 3814 26
1423 3760 1535 3831 August
1551 3765 1629 3832 1518.

497 3905 566 3970 [The
577 3908 640 3957 date
651 3910 674 3957 is
685 3910 927 3972 unquestionsble;
943 3910 976 3960 01.
991 3910 1009 3959 1.
1020 3926 1036 3972 5
1049 3924 1077 3960 0.

496 3972 604 4021 Oswald
623 3973 796 4023 Geisshr'isler
817 3977 978 4039 (1488-14
998 3978 1055 4026 Oct
1077 3979 1151 4036 1552)
1171 3990 1227 4025 was
1249 3992 1265 4026 s
1283 3978 1376 4026 native
1395 3979 1425 4027 01
1442 3978 1571 4029 Lucerne.
1606 3981 1664 4032 The

463 4037 573 4086 earliest
583 4038 654 4087 form
665 4040 695 4087 01
703 4054 829 4089 surname
841 4041 926 4090 found
938 4040 980 4090 tor
990 4041 1059 4102 him,
1072 4040 1406 4106 lichtoris-interpretod
1416 4047 1444 4093 10
1453 4058 1533 4093 mean
1543 4046 1607 4095 that
1618 4046 1666 4096 his

463 4103 554 4152 father
563 4118 618 4152 was
625 4120 642 4153 s
649 4104 783 4163 miller-‚
792 4106 848 4155 still
857 4121 973 4170 appears
983 4106 1014 4155 in
1024 4120 1088 4170 1515
1096 4120 1132 4155 on
1141 4106 1190 4155 the
1202 4107 1341 4171 title-page
1349 4109 1379 4157 01
1384 4109 1432 4158 110
1440 4113 1519 4158 Moris
1528 4111 1620 4161 which
1629 4112 1665 4161 he
1722 4145 1724 4149 -

464 4168 518 4216 hsd
537 4168 693 4218 illustrated
710 4171 747 4232 by
766 4171 886 4221 Holbein
906 4173 948 4221 ior
966 4172 1095 4222 Erasmus
1115 4173 1169 4234 (see
1189 4172 1239 4235 Ep.
1257 4188 1307 4235 394
1327 4175 1449 4238 introd.).
1491 4175 1527 4225 In
1549 4190 1613 4239 1524
1630 4178 1667 4228 he

464 4235 488 4282 is
504 4234 648 4284 addressed
668 4250 698 4284 ss
717 4235 831 4296 hliiller3
848 4253 891 4287 see
909 4241 1061 4298 Zror'nglicno
1080 4238 1101 4285 ii
1122 4237 1218 4300 (1911),
1240 4252 1265 4300 p.
1285 4254 1341 4300 450.
1375 4240 1417 4302 By
1435 4242 1581 4304 1517(vu
1606 4243 1665 4308 105)

463 4299 498 4348 lre
516 4315 572 4349 was
588 4302 670 4363 using
689 4301 737 4350 the
753 4316 834 4351 nsrns
851 4303 1002 4365 Myconius,
1014 4302 1107 4353 which
1123 4303 1148 4351 is
1164 4303 1221 4351 said
1237 4306 1266 4352 to
1282 4305 1350 4353 have
1370 4306 1439 4354 besu
1459 4308 1539 4368 given
1557 4311 1586 4358 to
1604 4309 1666 4358 him

463 4365 498 4427 by
518 4366 656 4428 Erasmus,
676 4369 793 4430 perhaps
815 4383 851 4417 on
869 4369 916 4417 the
935 4369 1042 4431 ground
1061 4369 1092 4417 01
1110 4368 1186 4430 early
1207 4369 1332 4419 baldness
1350 4371 1489 4435 (0111000.
1510 4387 1591 4436 10073
1608 4374 1665 4423 and

494 4548 534 4595 ⁶⁶.
552 4547 578 4595 S.
591 4547 624 4598 D.
638 4547 670 4597 11.
683 4548 768 4597 Leoni
780 4553 816 4599 E:
840 4549 924 4599 leoni
936 4549 1042 4599 decimo
1053 4553 1085 4599 Η.
1188 4565 1228 4613 79.
1245 4552 1435 4601 celsitudinem
1448 4557 1526 4602 tuam
1537 4556 1577 4604 E:
1594 4556 1621 4603 10
1633 4558 1665 4604 Η.

462 4612 503 4660 ur.
522 4613 757 4663 Reuerendissimo
768 4615 802 4664 D.
814 4620 849 4665 E:
868 4615 1010 4665 cardinali
1022 4620 1054 4665 H.

495 4799 537 4855 ⁶3·
553 4797 720 4862 Augustino]
734 4801 848 4848 0101101.
864 4811 902 4847 11.
917 4812 955 4862 ¹⁹·
1089 4798 1179 4859 8115-6,
1186 4799 1261 4861 891);
1277 4799 1332 4848 and
1344 4799 1393 4848 the
1404 4799 1471 4848 boclr
1479 4799 1526 4848 did
1533 4801 1584 4847 not
1590 4804 1664 4850 sctu-

497 4876 535 4921 77.
552 4862 627 4924 Opus
636 4863 805 4925 absoluetur]
821 4864 957 4913 Erasmus’
976 4878 1038 4912 own
1089 4862 1146 4925 ally
1156 4879 1255 4927 appear
1266 4863 1312 4913 till
1324 4865 1416 4913 llarch
1431 4866 1568 4927 ι5191111·
1581 4866 1653 4929 864).

463 4929 524 4987 part
536 4927 565 4973 in
576 4929 624 4975 tlre
634 4929 709 4977 work
720 4943 777 4977 was
787 4929 878 4990 barely
886 4930 1038 4992 completed
1122 4931 1163 4979 81.
1179 4929 1342 4994 sedunensi]
1354 4931 1403 4978 See
1415 4930 1462 4993 Ep.
1476 4946 1532 4991 447.
1541 4933 1592 4991 596
1601 4945 1630 4981 n.

462 4990 562 5041 within
576 4993 625 5041 the
642 4995 709 5043 time
726 4994 825 5044 named
838 4994 883 5058 (01.
896 4995 964 5057 Epp.
979 4995 1037 5058 sea,
1120 4996 1161 5056 85
1180 4996 1327 5057 ingressuri
1339 4996 1447 5060 nsuinr]
1457 4997 1506 5046 See
1518 5011 1544 5059 p.
1556 5011 1615 5059 392.
