3867 6034
474 720 536 780 358
822 713 1013 775 LETTERS
1040 709 1093 772 OF
1120 708 1320 773 ERASMUS
1574 707 1674 790 [1518

472 876 560 935 enim
581 874 695 950 ingens
715 891 820 933 rerum
843 872 1054 933 humanarum
1077 868 1282 930 commutatio
1304 887 1367 928 non
1393 867 1461 927 sine
1482 867 1673 927 discrimine.

476 974 524 1034 De
538 972 641 1034 Marco
655 972 785 1032 Musuro
798 974 830 1030 et
843 970 992 1030 Palaeoto
1007 988 1074 1029 rem
1088 967 1231 1028 acerbam
1245 966 1394 1040 nuncias3
1416 969 1448 1026 et
1461 966 1590 1025 interim
1602 985 1676 1026 cum

476 1070 652 1132 cornicibus
663 1069 810 1129 omnibus
825 1069 983 1130 certabitis
997 1069 1074 1144 παρὰ
1087 1067 1139 1142 τὴν
1152 1066 1271 1126 εἴσοδον.
1307 1064 1401 1124 Ἀλλὰ
1413 1067 1501 1125 scinci
1514 1090 1549 1145 γε
1563 1065 1633 1125 θεῶν
1647 1070 1676 1125 ἐν

432 1191 462 1243 75
475 1172 595 1250 γούνασι
619 1172 713 1229 κοῖται.
756 1167 859 1228 Periit
881 1170 914 1227 st
937 1165 1020 1244 apud
1045 1162 1155 1226 Gallos
1182 1165 1317 1224 Faustus
1341 1167 1373 1224 et
1395 1163 1478 1240 apud
1505 1162 1676 1225 Britannos

475 1268 619 1329 Andreas
639 1267 832 1328 Ammonius
843 1287 852 1339 ;
875 1283 1010 1342 quorum
1029 1264 1110 1324 alter
1129 1264 1184 1323 diu
1206 1263 1349 1339 regnauit
1370 1262 1521 1337 Lutetiae,
1541 1262 1622 1323 alter
1637 1263 1676 1323 ad

474 1386 633 1428 summam
650 1366 838 1445 dignitatem
854 1384 1033 1425 emersurus
1054 1366 1129 1437 erat,
1146 1364 1173 1424 si
1192 1363 1258 1423 vita
1280 1363 1460 1423 diuturnior
1479 1363 1675 1440 contigisset.

476 1465 524 1525 Tu
538 1483 611 1525 cura
624 1467 661 1526 vt
675 1468 757 1524 recte
770 1463 884 1524 valeas.

516 1563 659 1623 Basileae
672 1580 730 1622 vn.
747 1560 851 1621 Galen.
868 1560 1017 1637 Augusti.
1061 1561 1157 1619 Anno
1171 1577 1336 1619 mnxvnr.

713 1755 830 1821 ῃῑ856.
875 1755 925 1819 To
948 1755 1156 1819 Wnnmann
1180 1754 1432 1819 Pmcnnnmsn.

452 1883 455 1888 ¹
511 1907 633 1978 Farrago
645 1924 674 1976 p.
686 1906 729 1962 68.
1456 1903 1545 1960 Basle.

510 1994 541 2053 Ρ.
554 2011 583 2065 p.
596 2008 667 2063 233:
686 1991 756 2047 HN:
777 1991 808 2048 P.
821 2011 848 2062 p.
863 2008 932 2062 271:
951 1990 1041 2046 Lond.
1054 1989 1090 2045 iv.
1107 2006 1157 2061 13:
1176 1988 1232 2046 LB.
1246 2005 1305 2061 374.
1366 1988 1408 2060 (c.
1420 1988 1548 2063 August)
1566 1992 1641 2061 1518.

509 2124 630 2190 [Within
643 2125 691 2173 the
702 2124 792 2173 limita
803 2123 833 2173 oi
843 2124 978 2172 Erasmus’
992 2126 1050 2185 stay
1059 2125 1089 2172 at
1099 2123 1179 2172 Basle
1191 2125 1220 2171 in
1231 2124 1294 2184 1518
1303 2122 1411 2184 onlyan
1420 2125 1606 2185 approximate
1614 2124 1678 2174 date

476 2189 501 2240 is
511 2190 634 2253 possible.
670 2189 749 2238 Some
761 2190 894 2252 guidanco
912 2204 975 2251 may
986 2189 1019 2237 bo
1036 2188 1122 2237 found
1134 2186 1164 2236 in
1176 2188 1224 2237 the
1235 2186 1368 2236 reference
1380 2191 1408 2236 to
1419 2188 1464 2237 his
1474 2188 1571 2238 illness
1583 2190 1612 2253 (l.
1631 2190 1676 2252 ⁶3)

475 2256 531 2306 and
542 2256 590 2304 tho
602 2255 766 2317 progressos
776 2255 825 2303 the
837 2254 904 2304 New
914 2255 1071 2304 Testament
1083 2254 1113 2317 (Ι.
1124 2255 1178 2314 69).

453 2376 456 2380 ,
509 2322 544 2371 In
555 2322 602 2370 the
614 2320 719 2369 critical
731 2324 810 2369 notes
822 2320 836 2368 1
848 2320 917 2369 have
928 2320 1044 2369 omitted
1055 2334 1072 2369 a
1083 2321 1199 2369 number
1210 2320 1239 2368 of
1249 2320 1370 2367 variants
1379 2319 1408 2367 in
1419 2319 1440 2367 P
1450 2319 1540 2369 which
1548 2336 1678 2369 aremare

474 2386 688 2450 depravatione]

671 2517 825 2565 massiva
846 2516 1097 2565 RO'I'EBODAMVS
1119 2515 1305 2563 BILIBALDO
1328 2515 1389 2564 SVO
1413 2515 1438 2564 S.
1453 2516 1486 2563 Ι).

517 2638 636 2698 Nescio
656 2638 747 2697 cuius
767 2638 859 2715 culpa
880 2638 998 2698 iactum
1020 2638 1063 2697 sit
1081 2640 1117 2698 vt
1135 2636 1285 2714 prolixior
1302 2635 1359 2696 illa
1374 2640 1430 2697 tua
1446 2636 1578 2713 epistola
1597 2639 1680 2699 mihi

476 2740 544 2797 tam
557 2756 628 2796 sero
642 2737 685 2797 sit
700 2735 828 2797 reddita
873 2736 919 2796 Ea
933 2735 1014 2796 mihi
1027 2735 1199 2795 declarauit
1213 2735 1407 2795 Bilibaldum
1421 2734 1521 2810 (cuius
1535 2736 1680 2798 humani·

477 2836 584 2908 tatem,
596 2834 809 2911 integritatem
822 2837 917 2912 atque
925 2834 1134 2895 eruditionem
1145 2834 1208 2894 iam
1218 2837 1292 2893 ante
1305 2836 1500 2910 perspectam
1514 2834 1681 2913 habebam)

477 2932 582 2994 virum
605 2952 675 2993 esse
698 2930 852 3008 singulari
872 2932 968 2992 etiam
988 2932 1164 3008 praeditum
1184 2932 1357 3009 prudentia,
1380 2932 1539 3011 animique
1560 2934 1681 3011 magni·

448 3031 588 3110 5tudine
608 3050 689 3107 quae
709 3030 815 3090 deceat
836 3030 998 3090 hominem
1020 3031 1205 3107 neutiquam
1229 3030 1396 3106 plebeium.
1440 3032 1471 3090 Α
1485 3031 1680 3109 principibus

477 3128 568 3189 facile
588 3130 782 3206 contingeret
802 3129 937 3202 fortuna,
962 3128 1027 3189 nisi
1048 3129 1129 3189 mihi
1154 3129 1290 3188 nimium
1311 3128 1413 3189 dulcis
1433 3131 1518 3189 esset
1539 3129 1676 3191 libertos.

478 3227 586 3288 Nimio
605 3231 750 3304 emptum
770 3227 897 3288 videtur
917 3227 1063 3304 quicquid
1086 3227 1182 3287 huius
1204 3228 1319 3286 emitur
1340 3226 1513 3303 dispendio.
1556 3227 1680 3288 Postea·

476 3345 573 3403 quam
586 3345 643 3402 ego
653 3325 712 3386 hac
722 3323 995 3403 quantulacunque
1004 3325 1166 3387 fortunula
1176 3327 1343 3385 contentus
1356 3344 1437 3399 sum,
1448 3345 1499 3384 me
1510 3325 1681 3403 tranquillo

477 3424 539 3499 liet,
565 3424 636 3485 siue
663 3424 783 3485 dabunt
805 3424 925 3500 aliquid
953 3423 1020 3484 siue
1048 3424 1131 3484 nihil
1158 3424 1287 3484 dabunt
1332 3425 1439 3499 Atque
1466 3423 1587 3484 vtinam
1615 3444 1680 3484 non

434 3553 466 3589 ιο
476 3523 639 3599 pauperior
656 3523 751 3583 etiam
770 3541 873 3582 essem
892 3522 944 3582 his
958 3523 1041 3582 veris
1058 3523 1169 3599 opibus
1186 3521 1301 3599 quibus
1322 3525 1357 3581 tu
1378 3541 1430 3581 me
1450 3521 1577 3582 beatum
1597 3541 1682 3598 prae·

477 3618 582 3681 dicas!
609 3620 699 3680 Facti
714 3620 760 3679 tui
776 3620 928 3680 rationem
942 3620 989 3680 sic
1003 3621 1107 3681 reddis
1118 3624 1153 3680 vt
1167 3620 1247 3679 mihi
1260 3619 1353 3697 plane
1369 3620 1559 3696 persuadeas
1596 3620 1681 3681 Tuas

477 3738 551 3778 vcro
564 3717 728 3778 ciuilitatis
742 3722 790 3779 est
805 3719 888 3795 quod
902 3738 960 3794 pro
978 3719 1193 3779 admonitione
1210 3721 1318 3778 nostra
1336 3718 1445 3778 audaci
1463 3718 1570 3795 potius
1586 3738 1681 3795 quam

466 3816 666 3892 ‚tempestiua
679 3817 795 3893 gratias
809 3817 905 3876 etiam
918 3818 993 3894 agis

517 3914 599 3975 (lum
623 3913 738 3974 horum
765 3914 927 3975 tumultus
954 3918 987 3974 et
1011 3916 1270 3993 conspirationes,
1295 3915 1341 3974 mi
1365 3913 1529 3989 Bilibalde,
1556 3931 1681 3974 mecum

434 4036 464 4086 ¹⁵
477 4014 597 4087 reputo,
621 4012 738 4089 'partim
759 4013 897 4073 demiror
916 4013 992 4090 quid
1018 4013 1082 4074 sibi
1106 4012 1215 4085 velint,
1242 4013 1358 4090 partim
1382 4013 1541 4089 indignor,
1566 4012 1682 4089 partim

477 4108 606 4170 miseret
625 4111 781 4171 mositatis
802 4131 838 4171 ac
857 4111 1038 4171 dementias.
1079 4112 1241 4189 Astrologi
1254 4112 1384 4172 tradunt
1398 4111 1548 4187 quasdam
1569 4114 1682 4188 pestes,

477 4211 513 4269 vt
531 4207 710 4268 animorum
730 4209 774 4269 ita
791 4212 824 4269 et
843 4227 1018 4285 corporum,
1033 4211 1073 4294 ab
1092 4210 1187 4271 astris
1202 4210 1344 4284 immitti,
1366 4212 1475 4287 poetae
1492 4211 1532 4271 ab
1554 4209 1681 4284 inferis3

477 4306 638 4367 Homerus
658 4305 842 4368 huiusmodi
864 4308 1136 4385 perturbationum
1157 4328 1283 4370 cansam
1304 4309 1339 4368 in
1359 4309 1446 4368 Aten
1467 4307 1586 4382 reiicit;
1607 4328 1683 4369 non-

478 4405 561 4466 nulli
575 4404 657 4465 Pani
670 4404 728 4465 deo
746 4404 850 4466 simile
869 4405 1019 4483 quiddam
1040 4407 1195 4468 tribuunt.
1240 4406 1310 4467 Hoc
1331 4405 1463 4479 malum,
1476 4406 1683 4485 vndecunque

435 4531 465 4566 20
478 4503 573 4579 venit,
590 4503 683 4564 fatale
696 4506 753 4564 est.
796 4504 843 4563 De
863 4505 996 4565 recutito
1016 4525 1081 4566 non
1100 4506 1178 4567 libet
1198 4503 1388 4579 meminisse,
1405 4524 1499 4581 quem
1512 4505 1563 4565 vel
1584 4506 1684 4566 nomi·

479 4622 553 4662 nare
567 4602 747 4662 ominosum
762 4606 847 4679 puto.
886 4603 969 4678 Quid
979 4605 1068 4665 venit
1082 4605 1116 4664 in
1131 4607 1270 4665 mentem
1285 4603 1393 4665 Gratio
1403 4606 1439 4665 vt
1453 4623 1526 4665 suas
1541 4602 1684 4665 literulas

511 4816 570 4865 sto.
583 4831 621 4876 74.
639 4814 765 4878 certabit]
777 4815 817 4864 Oi.
826 4820 906 4876 Adae.
917 4817 975 4877 564,
988 4816 1058 4865 ‘cor-
1140 4832 1180 4865 ao.
1198 4814 1324 4879 recutito]
1348 4813 1534 4874 Pseiierkorm
1563 4829 1607 4864 see
1633 4816 1683 4878 Ep.

480 4881 586 4929 uicibus
597 4880 735 4929 vicacior!
1107 4882 1164 4943 4⁸7·
1178 4896 1211 4930 ao
1219 4896 1246 4930 n.

513 4948 553 5005 7⁶·
571 4944 709 5009 regnauit]
722 4945 762 4995 of.
775 4946 824 5007 Ep.
839 4960 895 5008 41&
909 4960 937 4994 11
947 4961 976 4997 n.
1139 4961 1181 4997 ar.
1199 4945 1305 5010 Gratio]
1323 4946 1455 4995 Ortuinus
1473 4945 1600 5007 Gratius,
1617 4947 1640 4996 Ε
1656 4950 1684 4995 ta

512 5011 569 5061 sto.
591 5012 630 5060 rs.
650 5010 798 5075 Homerus]
810 5015 841 5060 [l.
854 5026 891 5074 19.
905 5027 936 5074 91
949 5026 1006 5074 seq.
1107 5027 1180 5073 marg.
1209 5012 1258 5063 See
1270 5012 1318 5074 Ep.
1331 5013 1387 5073 sata
1399 5013 1450 5061 dn.
