3867 6034
407 732 469 797 582
752 728 943 791 LETPEBS
971 725 1026 789 OF
1052 723 1255 787 ansanus
1539 718 1627 803 [151⁹

408 889 572 953 infamiam
586 906 702 960 verear,
715 883 771 963 qui
783 884 846 945 huc
859 886 891 945 et
899 882 995 945 hodie
1009 901 1076 943 non
1085 881 1293 959 aspernandis
1303 879 1569 941 conditionibus
1580 898 1627 939 nec

408 987 449 1049 ab
474 1006 538 1048 vno
567 1003 637 1063 rege
663 1002 818 1062 prouocet.
862 980 1021 1059 Equidem
1048 979 1179 1041 ustinus
1204 998 1271 1040 non
1306 997 1401 1050 sum,
1433 978 1555 1053 fateor,
1581 976 1628 1037 sed

409 1083 559 1146 insitiuus
574 1081 779 1144 Britanniae:
808 1081 841 1139 et
860 1081 967 1140 tamen
980 1077 1037 1139 vbi
1053 1096 1176 1138 mecum
1194 1078 1308 1154 reputo
1330 1078 1421 1155 quot
1443 1075 1520 1137 illic
1537 1092 1629 1136 annos

407 1180 550 1255 vixerim,
564 1181 642 1258 quot
668 1177 719 1238 illi
745 1177 876 1238 debeam
903 1174 1106 1248 liecoeuates,
1131 1177 1210 1252 quot
1235 1172 1384 1234 eximios
1414 1192 1457 1235 ac
1486 1192 1628 1251 syncercs

349 1302 395 1355 ωε
407 1280 533 1354 amicos,
548 1280 698 1357 quantum
719 1276 864 1336 fortunae
887 1291 984 1348 mese,
1003 1272 1031 1332 si
1052 1290 1115 1351 qus
1133 1275 1240 1332 tamen
1260 1274 1320 1346 est
1345 1271 1558 1349 portionem,
1572 1290 1628 1331 nen

408 1377 516 1439 minus
530 1376 578 1437 illi
592 1374 774 1436 felicitatem
788 1373 871 1433 hanc
884 1370 1025 1449 gratulor
1038 1368 1174 1448 quamsi
1187 1388 1239 1429 me
1253 1368 1443 1447 genuisset.

449 1476 496 1537 At
508 1474 591 1535 nihil
604 1472 734 1533 interim
753 1468 834 1531 mihi
853 1468 975 1529 dictum
993 1470 1042 1530 est
1060 1467 1099 1528 de
1117 1464 1282 1545 praeclaris
1296 1467 1453 1545 corporis
1468 1467 1629 1545 animique

408 1574 457 1634 tui
483 1571 620 1646 dotibus,
643 1589 722 1649 quas
744 1568 810 1629 Deo
833 1569 1025 1643 naturaeque
1051 1564 1200 1626 debemus
1227 1563 1334 1642 magis
1365 1584 1477 1643 quam
1508 1568 1627 1626 nostras

409 1669 600 1733 industriaet
632 1670 664 1729 et
682 1668 790 1728 tamen
811 1664 885 1725 haec
904 1682 1028 1742 quoque
1049 1662 1132 1723 bons
1149 1659 1265 1722 cedunt
1286 1661 1323 1721 in
1347 1662 1558 1725 felicitatem
1580 1664 1628 1723 rei

351 1793 396 1830 no
409 1766 602 1848 publicae,si
625 1766 660 1827 in
683 1764 858 1844 principem
885 1761 1021 1840 probum
1047 1759 1224 1821 inciderint
1267 1759 1376 1820 Porro
1403 1761 1548 1822 tametsi
1571 1761 1627 1821 iam

407 1865 523 1929 seculis
534 1865 654 1944 aliquot
667 1882 731 1924 non
744 1861 791 1923 ita
803 1860 941 1921 multum
954 1859 1060 1920 leudis
1072 1857 1107 1919 in
1120 1856 1246 1935 regibus
1261 1857 1368 1918 tulere
1385 1858 1501 1920 bonae
1514 1859 1624 1933 literne,

409 1966 517 2025 tamen
544 1965 600 2023 tus
625 1961 773 2023 maiestas
799 1958 910 2020 efficiet
936 1960 981 2033 vt,
1008 1954 1273 2036 quemadmodum
1297 1954 1384 2015 olim
1415 1959 1625 2037 praecipuum

407 2061 502 2123 decus
524 2080 633 2139 regum
656 2057 718 2119 fuit
742 2056 920 2118 eruditione
939 2054 1131 2131 praecellere,
1146 2053 1191 2113 ita
1210 2052 1342 2129 pentheo
1362 2054 1623 2131 pulcherrimum

408 2159 561 2221 habeatur
578 2157 755 2236 principem
773 2155 852 2217 scire
869 2155 984 2215 literas
1028 2152 1114 2213 Tuae
1132 2150 1268 2212 virtutes
1286 2150 1477 2229 dispellent
1492 2157 1623 2216 veterem

349 2282 396 2334 115
408 2257 648 2331 cauillationem,
659 2276 722 2333 qua
732 2253 880 2314 dictitent
890 2251 1019 2331 quidam
1030 2250 1107 2328 regii
1118 2248 1252 2327 pectoris
1258 2248 1410 2327 vigorem
1421 2251 1624 2331 languescere

407 2354 512 2416 studio
525 2354 699 2415 literarum.
742 2351 821 2427 Quis
838 2350 924 2411 enim
936 2367 1077 2427 vnquam
1094 2366 1205 2408 eorum
1223 2345 1280 2423 qui
1298 2345 1416 2409 literas
1429 2350 1622 2421 nesciemnt

407 2451 515 2513 extitit
539 2454 571 2512 te
588 2470 652 2512 vno
672 2449 707 2511 in
722 2449 788 2512 vlla
807 2448 891 2527 regia
910 2446 1071 2507 iunctione
1092 2443 1275 2506 dexterior?
1304 2444 1381 2522 quis
1403 2449 1570 2509 attentior
1587 2448 1621 2507 sd

408 2549 573 2611 coercenda
586 2548 730 2627 flagitia?
744 2546 861 2626 quissd
872 2543 1100 2605 consulendum
1107 2539 1276 2603 solertior?
1289 2541 1365 2621 quis
1374 2544 1418 2604 ad
1427 2546 1623 2624 prospicien-

408 2646 486 2708 dum
499 2645 676 2707 oculatior?
696 2644 768 2724 quis
787 2644 823 2704 in
842 2640 995 2704 obeundis
1013 2639 1107 2701 rebus
1124 2639 1344 2716 praesentior?
1390 2642 1438 2701 Et
1459 2647 1573 2705 tamen
1589 2643 1619 2703 in

351 2743 511 2803 molitoris
532 2760 611 2820 quas
631 2742 709 2802 olim
728 2740 910 2802 felicissime
929 2736 1108 2817 degustauit
1127 2740 1183 2799 tus
1202 2737 1361 2812 maiestas,
1382 2759 1423 2800 so
1446 2760 1540 2802 nunc
1559 2761 1620 2818 pro

407 2859 513 2918 gressa
525 2843 582 2916 est,
595 2839 726 2900 fortasse
744 2857 809 2899 non
827 2836 931 2897 multo
949 2835 1055 2897 studio
1069 2835 1124 2896 sed
1141 2835 1284 2896 inaudite
1302 2838 1443 2897 naturae
1459 2839 1615 2909 felicitate,

408 2940 445 3000 vt
471 2936 693 2998 eruditissimis
719 2936 814 2996 etiam
844 2934 1001 3013 theologis
1023 2931 1175 2995 miraculo
1201 2932 1245 2994 sit
1268 2934 1393 2996 sanitas
1420 2941 1459 2998 et
1487 2956 1615 2998 acumen

408 3035 528 3113 ingenii
541 3035 599 3097 tui.
641 3034 804 3113 Siquidem
820 3033 855 3093 in
874 3032 1094 3111 disputatione,
1111 3051 1206 3111 quam
1220 3050 1319 3109 nuper
1332 3033 1441 3094 enimi
1456 3055 1553 3096 causa
1567 3039 1613 3094 tua

407 3132 555 3195 maioetas
578 3132 719 3194 instituit
747 3152 819 3192 cum
846 3130 1029 3193 acutissimo
1056 3130 1154 3191 simul
1181 3132 1213 3190 et
1240 3130 1428 3192 doctissimo
1460 3133 1611 3210 theologo.

350 3230 577 3307 125defendens
600 3250 619 3292 a
643 3230 730 3291 laicis
754 3249 819 3290 non
842 3228 1027 3307 exigendam
1052 3228 1261 3307 precationem
1288 3232 1415 3306 praeter
1441 3251 1517 3293 eam
1543 3250 1611 3310 quse

409 3328 526 3390 mentis
538 3328 727 3407 cogitatione
744 3328 847 3388 Deum
861 3326 1040 3404 alloquitur,
1055 3327 1160 3387 Deum
1168 3326 1391 3400 immortalem,
1408 3348 1512 3406 quem
1525 3328 1610 3390 artifi-

408 3446 477 3487 cem
503 3425 683 3504 praestitit?
723 3426 801 3500 Quis
828 3424 971 3485 inuenire
1002 3427 1124 3502 poterat
1155 3424 1321 3502 argutius?
1360 3426 1436 3501 quis
1472 3427 1611 3504 colligere

409 3524 597 3585 neruosius‘l
617 3524 690 3603 quis
707 3523 862 3601 explicere
878 3523 1068 3584 venustius?
1108 3522 1260 3583 Omnium
1278 3524 1387 3583 autem
1402 3524 1567 3586 virtutum
1583 3526 1611 3582 st

407 3624 663 3683 ornamentorum
683 3624 810 3682 tuorum
831 3640 887 3681 ceu
908 3620 1064 3698 colophon
1085 3620 1214 3699 quidam
1228 3619 1355 3693 accedit,
1371 3623 1461 3698 quod
1477 3643 1571 3684 nemo
1583 3625 1610 3681 te

351 3746 397 3796 130
407 3738 471 3780 vno
490 3719 529 3780 ad
547 3739 747 3799 congressum
768 3718 900 3794 ciuilior,
918 3737 1011 3779 nemo
1031 3718 1139 3780 minus
1159 3719 1260 3779 festus
1277 3720 1334 3778 aut
1353 3721 1524 3796 supercilii
1543 3737 1609 3798 prae

407 3836 441 3876 se
468 3815 591 3891 ferens3
622 3816 774 3878 incolumi
808 3820 915 3877 tamen
955 3816 1085 3877 interim
1112 3816 1199 3895 regia
1225 3815 1387 3893 dignitate,
1413 3818 1542 3895 quoties
1567 3834 1610 3877 res

407 3913 554 3989 podulat

449 4007 536 4072 Olim
554 4010 730 4091 Olympicis
742 4011 883 4073 victoriis
901 4014 1057 4073 terrarum
1075 4010 1220 4072 dominos
1238 4011 1272 4071 in
1288 4011 1363 4072 deos
1374 4013 1474 4074 enchi
1488 4013 1609 4093 scripsit

408 4107 569 4170 Horatius
614 4109 697 4170 Olim
718 4109 842 4171 solenni
863 4110 935 4184 ritu,
956 4110 1010 4189 qui
1030 4129 1104 4170 cum
1124 4109 1216 4170 laude
1236 4110 1408 4187 gessissent
1428 4111 1605 4191 imperium,

349 4207 622 4284 135relerebantur
640 4207 675 4268 in
695 4227 864 4270 numerum
885 4207 1040 4269 diuorum.
1085 4206 1173 4269 Haec
1193 4210 1269 4268 suut
1289 4207 1430 4269 facinora
1448 4230 1531 4287 quae
1543 4228 1607 4270 vere

406 4305 845 4378 consecrentimmortnlitati3
859 4305 1028 4367 siciturad
1039 4308 1134 4367 aetra.
1158 4305 1229 4366 Non
1240 4306 1402 4383 patientur
1413 4307 1608 4370 eruditorum

866 4450 921 4499 133.
939 4435 1106 4500 Olympiacis
1116 4441 1143 4486 Ρ.

443 4564 499 4600 ror.
515 4549 728 4615 conditionibus]
740 4551 781 4601 cl.
792 4551 841 4615 Ep.
851 4552 908 4615 809.
921 4566 985 4613 ιη-
1030 4551 1183 4617 Deam(1.B.
1197 4567 1222 4600 v.
1238 4550 1300 4599 1128
1306 4553 1343 4616 a).
1375 4552 1518 4605 Erasmus*
1529 4558 1606 4604 utter-

405 4628 448 4677 33.
1030 4631 1112 4667 ances
1121 4632 1156 4665 on
1166 4617 1214 4666 ths
1223 4616 1327 4679 subject
1335 4618 1366 4666 in
1375 4617 1422 4668 his
1431 4623 1513 4670 notes
1521 4636 1556 4670 on
1564 4619 1607 4668 the

441 4679 984 4746 123.disputatlono]l·h·ssmusslludesto
1029 4682 1606 4749 lisw'l'estwerebroughtupagainsthim

406 4744 463 4795 this
474 4747 554 4810 sgain
566 4748 596 4796 in
608 4747 692 4796 lond.
706 4748 760 4799 xix.
777 4763 831 4812 107,
848 4748 901 4799 LB.
914 4750 984 4812 ⁶353
1029 4748 1065 4811 by
1076 4748 1123 4799 the
1135 4746 1249 4811 Faculty
1260 4748 1290 4797 ot
1301 4748 1439 4813 Theolcgy
1449 4756 1480 4801 at
1495 4752 1569 4801 Puris
1579 4753 1605 4799 in

406 4809 456 4859 bnt
478 4811 622 4862 otherwise
649 4812 765 4877 nothing
788 4829 875 4865 seems
898 4816 925 4863 to
948 4814 983 4864 be
1030 4815 1102 4878 1526,
1123 4815 1167 4863 tit.
1188 4813 1254 4863 xixz
1276 4827 1321 4863 see
1341 4813 1395 4863 LB.
1415 4817 1452 4865 ir.
1474 4820 1526 4880 895
1545 4832 1603 4879 seq„

406 4873 507 4926 known
527 4878 557 4926 ol
576 4879 606 4927 it
635 4878 692 4928 'I'he
711 4880 837 4942 question
856 4879 984 4930 whether
1027 4881 1083 4930 and
1105 4880 1278 4943 d'hrgcntrt‚
1296 4881 1397 4929 collectio
1419 4886 1567 4932 luctam
1586 4892 1606 4930 n

405 4954 504 5068 gagen
523 4943 621 4993 should
640 4946 672 4994 be
691 4949 774 4995 comlis
791 4962 821 4996 or
838 4950 908 4996 tacito
926 4960 983 4995 was
1027 4946 1310 5023 (1728)‚1,pp.'66-8.

466 5007 562 5071 uently
580 5008 711 5072 debated3
732 5011 766 5061 cl.
787 5016 871 5061 llcdee
889 5015 983 5063 Οτωιᾱι·
1062 5026 1116 5075 134.
1136 5010 1279 5074 Horatius]
1292 5014 1369 5060 Onna.
1387 5027 1409 5060 r.
1423 5028 1446 5063 1.
1458 5018 1518 5075 342
