3867 6034
389 687 414 769 ε’
738 706 928 768 inruens
954 706 1008 768 or
1036 704 1235 768 anianus
1481 701 1586 788 [ιω

386 864 590 926 'limebamns
603 885 666 926 non
679 883 792 943 parum
806 884 847 924 ne
859 861 981 923 coelum
994 861 1075 923 illud
1089 879 1208 922 nouum
1219 860 1328 922 durius
1340 864 1445 922 tecum
1458 864 1588 923 saturus

386 969 478 1026 esset
522 964 612 1041 Quod
633 984 740 1025 reuera
759 966 867 1024 nostra
883 961 942 1023 tibi
959 964 1140 1039 precaretur
1155 959 1264 1039 patrie,
1284 959 1313 1019 ei
1331 959 1479 1037 precandi
1498 960 1588 1021 loeus

345 1085 376 1119 10
387 1070 477 1139 esset,
502 1084 565 1125 non
589 1067 625 1124 vt
648 1063 707 1124 tibi
726 1062 878 1135 inuideat,
900 1060 1000 1121 immo
1020 1065 1056 1122 vt
1075 1060 1196 1121 coelum
1212 1061 1354 1119 nostrum
1371 1058 1587 1120 Basileianum

388 1163 547 1222 reuiserea
588 1161 633 1222 Et
651 1164 735 1221 certe
752 1159 833 1219 nihil
851 1159 923 1236 plus
940 1158 976 1217 in
989 1157 1073 1219 antis
1087 1158 1180 1218 nobie
1195 1161 1278 1219 esset
1291 1175 1387 1233 quem
1400 1160 1437 1217 vt
1449 1160 1482 1217 te
1496 1176 1588 1236 saepe

388 1264 584 1339 praesentem
601 1258 737 1339 aspicere
754 1257 1014 1335 dulcissimaeque
1028 1260 1060 1318 et
1074 1256 1201 1334 quidem
1220 1254 1417 1317 doctissimae
1430 1258 1502 1317 tuae
1515 1275 1587 1317 con·

389 1359 575 1420 fabulationi
602 1357 753 1419 interesse
779 1356 894 1419 liceret.
937 1358 1015 1435 Age,
1040 1355 1086 1417 mi
1109 1356 1247 1429 Erasme,
1273 1356 1305 1416 si
1326 1355 1501 1416 Besiliense
1527 1356 1587 1416 tibi

390 1456 511 1516 eoelum
525 1454 597 1532 plus
614 1454 684 1515 aliis
702 1453 827 1531 arridet,
843 1452 903 1514 sub
916 1455 1028 1515 eodem
1044 1452 1176 1527 habites,
1191 1454 1349 1515 Besileem
1363 1457 1506 1532 repetes3
1527 1473 1589 1515 nos

347 1565 376 1616 ¹5
390 1557 422 1615 et
435 1554 542 1614 omnia
555 1557 664 1613 nostra
676 1556 732 1613 tua
744 1555 846 1613 erunt
884 1550 971 1612 Haec
984 1550 1175 1629 scripsimus,
1193 1572 1232 1612 ne
1246 1552 1295 1612 tui
1308 1552 1354 1612 ab
1361 1552 1460 1613 oculis
1472 1552 1588 1613 semoti

389 1656 512 1729 pectore
537 1651 739 1712 immemores
757 1649 945 1711 videremur.
989 1648 1036 1709 De
1063 1649 1155 1711 rebus
1182 1651 1247 1711 luis
1273 1649 1442 1728 aliquando
1465 1651 1505 1712 ad
1528 1670 1589 1711 nos

388 1750 490 1812 scribe
503 1754 535 1811 et
547 1750 678 1811 feliciter
693 1750 772 1810 vale.

428 1849 480 1910 Ex
497 1847 622 1909 ciuitate
640 1849 746 1908 nostra
762 1845 930 1907 Basiliensi
947 1845 1068 1907 decima
1082 1844 1178 1907 tercia
1196 1846 1281 1922 Iulii,
1297 1848 1400 1909 Anno
1414 1845 1590 1908 Christiani

390 1951 499 2025 partus
512 1967 545 2007 rr.
556 1967 586 2007 n.
598 1965 677 2007 ma

691 2197 795 2282 599οἳο
837 2196 937 2261 Fron
960 2196 1076 2264 Lucas
1097 2196 1286 2264 arnonus.

425 2353 591 2411 Auctarium
605 2374 634 2426 p.
649 2357 709 2411 182.
1400 2355 1493 2413 Basle.

425 2444 459 2501 F.
472 2462 501 2515 p.
518 2447 584 2515 158:
603 2443 672 2500 Ha:
690 2442 777 2499 Lond.
790 2440 832 2498 iii.
846 2459 898 2513 23:
916 2442 973 2501 LB.
986 2458 1050 2517 259.
1347 2460 1378 2515 13
1390 2444 1459 2515 Jnly
1475 2458 1553 2516 ¹⁵17·

763 2589 991 2654 [contemporary
1000 2589 1070 2639 with
1082 2590 1130 2653 Er·
1142 2591 1214 2657 set]

433 2745 732 2795 rnaacnaaussmo
758 2745 998 2794 maaffloals
1029 2746 1130 2795 OBBIS
1158 2745 1322 2795 Panasmi
1344 2745 1377 2796 D.
1408 2745 1546 2795 EBASMO

485 2849 727 2912 Roraaonauo,
748 2848 986 2899 Palaemona
1007 2850 1070 2899 SVO
1091 2848 1396 2917 cumanensem,
1417 2850 1448 2899 S.
1461 2849 1494 2900 Ι).

433 3010 541 3071 Eoora
559 3009 726 3071 hominem·
741 3010 834 3070 illum
852 3009 1162 3088 grammatophorum
1177 3011 1278 3084 tuum,
1294 3008 1431 3070 maxime
1443 3013 1475 3070 et
1489 3010 1592 3074 cleris·

392 3110 470 3168 sime
488 3111 667 3185 praeceptor
680 3110 820 3181 nmmo,
836 3107 942 3167 vacuis
954 3107 993 3167 sd
1008 3110 1041 3167 te
1054 3106 1154 3167 redire
1172 3107 1331 3181 manibus,-
1342 3110 1378 3167 vt
1389 3107 1494 3169 nullas
1505 3110 1545 3169 ad
1558 3114 1592 3170 te

392 3206 499 3264 literas
508 3204 675 3279 mitterem,
687 3204 792 3264 arduis
801 3205 876 3265 lieet
885 3203 1036 3281 principis
1046 3205 1109 3264 mei
1120 3204 1264 3264 detentus
1272 3204 1418 3281 negociis,
1430 3205 1593 3269 sinerem?

393 3303 448 3380 qui
465 3301 546 3363 mihi
564 3302 641 3363 adeo
655 3302 835 3379 benignum,
850 3302 925 3362 adeo
939 3302 1115 3362 humanum
1129 3306 1162 3362 to
1175 3320 1396 3378 saepenumem
1409 3301 1590 3380 praebuisti.

364 3404 483 3467 scorto
498 3402 657 3479 ingratum
672 3420 803 3478 egerem,
815 3400 843 3460 si
854 3399 929 3460 haec
942 3421 1007 3460 non
1022 3402 1084 3461 elta
1098 3403 1204 3460 mente
1218 3400 1424 3475 reconderem,
1436 3401 1465 3462 si
1477 3404 1592 3479 gratiss

392 3522 458 3562 non
481 3501 639 3561 referrem.
683 3503 729 3560 At
751 3500 821 3575 quis
842 3518 933 3575 pares
956 3500 1076 3575 referet,
1100 3500 1173 3561 licet
1197 3505 1475 3577 quantumcunque
1494 3503 1593 3563 etiam

393 3601 525 3677 gratus?
544 3618 620 3659 cumv
635 3602 671 3658 tu
689 3599 733 3658 ita
754 3617 827 3675 erga
846 3617 957 3658 omnes
975 3598 1027 3671 sis,
1043 3601 1264 3676 neminemque
1285 3617 1349 3658 non
1367 3598 1528 3662 beneficiis
1547 3620 1593 3662 so·

392 3699 541 3770 cumules,
564 3700 601 3758 vt
624 3716 681 3757 nec
708 3695 870 3773 sigillatim
897 3715 954 3755 nee
981 3696 1134 3773 gregatim
1163 3696 1326 3757 literarum
1353 3699 1507 3757 amatores
1534 3699 1593 3760 tui

394 3796 469 3856 satis
490 3797 617 3873 dignam
638 3814 821 3872 quocunque
846 3812 975 3853 munem
998 3794 1148 3854 talionem
1170 3813 1317 3870 reponere
1338 3794 1470 3872 possint.
1514 3796 1590 3874 Ego,

350 3907 383 3945 1⁰
394 3915 434 3954 ne
453 3913 577 3971 prorsus
595 3893 737 3970 ingratus
755 3894 825 3968 sim,
839 3892 924 3969 quod
936 3912 1037 3953 vnum
1052 3913 1180 3971 possum
1197 3892 1283 3969 facio,
1300 3895 1332 3953 et
1345 3894 1393 3954 tui
1407 3895 1593 3957 memoriam

393 4011 617 4069 saepenumero
640 3992 723 4069 apud
744 3991 917 4069 principem
944 4011 1052 4053 meum
1075 3992 1202 4053 refrico:
1231 3994 1272 4068 te,
1294 3995 1330 4052 vt
1350 4011 1408 4072 par
1429 3994 1484 4067 eet,
1511 4013 1593 4055 com·

393 4090 509 4153 mendo
523 4091 555 4150 et
568 4090 606 4149 ad
621 4090 743 4150 coelum
757 4110 855 4167 vsque
868 4090 1014 4151 lauditiae
1024 4091 1122 4167 veho;
1144 4110 1221 4170 quas
1233 4091 1289 4151 ille
1301 4091 1499 4169 cupidissime
1512 4093 1595 4155 solet

394 4188 509 4261 audire,
532 4190 564 4246 et
588 4205 816 4263 nonnunquam
838 4186 883 4246 sic
906 4188 1019 4248 addere
1042 4187 1129 4263 meis,
1153 4189 1243 4267 quasi
1266 4188 1404 4269 maligne
1426 4189 1590 4253 laudarim.

395 4290 459 4349 Oro
477 4305 607 4365 superos
622 4287 659 4345 vt
677 4284 711 4344 in
733 4284 851 4344 multos
870 4305 970 4346 annos
989 4290 1021 4348 te
1040 4291 1168 4348 seruent
1188 4288 1280 4349 nobie
1299 4308 1335 4350 ae
1356 4290 1447 4351 bonis
1467 4290 1590 4352 studiis

428 4470 485 4521 598.
502 4470 526 4521 8.
552 4469 624 4518 illud
640 4473 709 4520 lm:
732 4468 807 4517 istud
822 4471 851 4517 D.
955 4473 1045 4520 teonm
1063 4474 1173 4522 acturus
1188 4475 1260 4522 esset
1275 4478 1346 4524 liat
1367 4477 1396 4524 te
1412 4473 1545 4538 reciperet
1561 4480 1591 4527 D.

399 4551 437 4585 ro
450 4540 557 4586 stiffi:
571 4536 641 4596 quod
650 4539 680 4586 D.
714 4535 930 4584 immolls.=sed
939 4539 965 4585 D.
1003 4537 1212 4588 BesilienumD.
1272 4555 1310 4589 11.
1322 4540 1592 4603 plnsllS.:eequeD.

398 4616 435 4648 ra.
453 4605 481 4649 et
491 4605 562 4650 lla:
578 4606 648 4650 ael).
758 4615 795 4661 14.
815 4601 923 4650 habites
933 4605 1003 4651 ils:
1020 4602 1176 4652 habitemus
1186 4607 1257 4653 teoto
1267 4610 1297 4654 D.
1404 4620 1442 4666 15.
1460 4608 1593 4667 qnoniam

395 4673 450 4714 anu
466 4667 566 4715 abead.
579 4669 613 4716 H.
761 4666 1594 4724 5⁹9.rrr.D:1.veasrsrmvsrassrrowrnonuros.n.H.

395 4746 421 4793 5.
438 4732 552 4794 gratiam
565 4736 596 4781 H.
694 4734 720 4780 6.
736 4746 830 4795 parem
842 4736 877 4784 Η.
975 4734 998 4781 8.
1016 4733 1177 4797 singillatim
1189 4738 1222 4787 11.

402 4850 671 4859 ——-·———-.

437 4911 496 4977 598.
516 4912 539 4959 8.
565 4908 683 4973 eoelum]
707 4911 741 4959 In
764 4910 813 4960 the
836 4911 917 4962 letter
939 4915 969 4961 to
1020 4914 1145 4966 Erasmus
1154 4916 1208 4966 had
1218 4916 1511 4968 doubtlesereiterated
1520 4932 1595 4967 some

398 4978 446 5027 the
463 4977 568 5039 Bishop
588 4977 745 5025 mentioned
764 4978 794 5025 in
812 4978 861 5039 Ep.
878 4994 967 5042 477·⁴
1018 4981 1592 5049 oltheeulogieeutteredlnltp.4re.r7seq.
