<?xml version="1.0" encoding="UTF-8"?>
<!DOCTYPE html PUBLIC "-//W3C//DTD XHTML 1.0 Transitional//EN"
    "http://www.w3.org/TR/xhtml1/DTD/xhtml1-transitional.dtd">
<html xmlns="http://www.w3.org/1999/xhtml" xml:lang="en" lang="en">
 <head>
  <title>
</title>
<meta http-equiv="Content-Type" content="text/html;charset=utf-8" />
  <meta name='ocr-system' content='tesseract 3.04.00' />
  <meta name='ocr-capabilities' content='ocr_page ocr_carea ocr_par ocr_line ocrx_word'/>
</head>
<body>
  <div class='ocr_page' id='page_1' title='image "./opusepistolarum03garrgoog_0232.png"; bbox 0 0 3867 6034; ppageno 0'>
   <div class='ocr_carea' id='block_1_1' title="bbox 458 701 1659 793">
    <p class='ocr_par' dir='ltr' id='par_1_1' title="bbox 458 701 1659 793">
     <span class='ocr_line' id='line_1_1' title="bbox 458 701 1659 793; baseline 0.01 -32"><span class='ocrx_word' id='word_1_1' title='bbox 458 701 518 762; x_wconf 82' lang='lat'><strong>192</strong></span> <span class='ocrx_word' id='word_1_2' title='bbox 804 705 995 769; x_wconf 70' lang='lat' dir='ltr'><strong>humans</strong></span> <span class='ocrx_word' id='word_1_3' title='bbox 1022 709 1076 770; x_wconf 78' lang='lat' dir='ltr'><strong>OF</strong></span> <span class='ocrx_word' id='word_1_4' title='bbox 1103 710 1304 774; x_wconf 73' lang='lat' dir='ltr'><strong>ERASMUS</strong></span> <span class='ocrx_word' id='word_1_5' title='bbox 1558 707 1659 793; x_wconf 85' lang='lat'><strong>[1518</strong></span> 
     </span>
    </p>
   </div>
   <div class='ocr_carea' id='block_1_2' title="bbox 405 862 1662 3973">
    <p class='ocr_par' dir='ltr' id='par_1_2' title="bbox 413 862 1662 1334">
     <span class='ocr_line' id='line_1_2' title="bbox 413 862 1662 946; baseline 0.01 -31"><span class='ocrx_word' id='word_1_6' title='bbox 413 881 442 916; x_wconf 84' lang='grc' dir='ltr'><strong>ιο</strong></span> <span class='ocrx_word' id='word_1_7' title='bbox 456 879 613 938; x_wconf 87' lang='lat' dir='ltr'><strong>quaquam</strong></span> <span class='ocrx_word' id='word_1_8' title='bbox 634 862 813 937; x_wconf 87' lang='lat' dir='ltr'><strong>torquerem</strong></span> <span class='ocrx_word' id='word_1_9' title='bbox 835 862 958 924; x_wconf 92' lang='lat' dir='ltr'><strong>diutino</strong></span> <span class='ocrx_word' id='word_1_10' title='bbox 980 865 1043 924; x_wconf 90' lang='lat' dir='ltr'><strong>mei</strong></span> <span class='ocrx_word' id='word_1_11' title='bbox 1065 864 1236 942; x_wconf 87' lang='lat' dir='ltr'><strong>desyderio,</strong></span> <span class='ocrx_word' id='word_1_12' title='bbox 1260 866 1305 926; x_wconf 92' lang='lat' dir='ltr'><strong>mi</strong></span> <span class='ocrx_word' id='word_1_13' title='bbox 1326 866 1498 941; x_wconf 89' lang='lat' dir='ltr'><strong>Paschasi;</strong></span> <span class='ocrx_word' id='word_1_14' title='bbox 1522 867 1577 927; x_wconf 90' lang='lat' dir='ltr'><strong>sed</strong></span> <span class='ocrx_word' id='word_1_15' title='bbox 1598 869 1662 946; x_wconf 91' lang='lat' dir='ltr'><strong>pri·</strong></span> 
     </span>
     <span class='ocr_line' id='line_1_3' title="bbox 455 958 1658 1041; baseline 0.007 -22"><span class='ocrx_word' id='word_1_16' title='bbox 455 977 546 1019; x_wconf 91' lang='lat' dir='ltr'><strong>mum</strong></span> <span class='ocrx_word' id='word_1_17' title='bbox 566 958 655 1017; x_wconf 84' lang='lat' dir='ltr'><strong>vides</strong></span> <span class='ocrx_word' id='word_1_18' title='bbox 673 958 750 1017; x_wconf 91' lang='lat' dir='ltr'><strong>anni</strong></span> <span class='ocrx_word' id='word_1_19' title='bbox 767 962 980 1038; x_wconf 74' lang='lat' dir='ltr'><strong>tempusque</strong></span> <span class='ocrx_word' id='word_1_20' title='bbox 1001 981 1068 1021; x_wconf 94' lang='lat' dir='ltr'><strong>non</strong></span> <span class='ocrx_word' id='word_1_21' title='bbox 1089 963 1193 1023; x_wconf 91' lang='lat' dir='ltr'><strong>solum</strong></span> <span class='ocrx_word' id='word_1_22' title='bbox 1211 963 1427 1041; x_wconf 89' lang='lat' dir='ltr'><strong>innauigabile</strong></span> <span class='ocrx_word' id='word_1_23' title='bbox 1445 983 1531 1024; x_wconf 89' lang='lat' dir='ltr'><strong>mare</strong></span> <span class='ocrx_word' id='word_1_24' title='bbox 1544 984 1658 1027; x_wconf 85' lang='lat' dir='ltr'><strong>verum</strong></span> 
     </span>
     <span class='ocr_line' id='line_1_4' title="bbox 455 1055 1662 1138; baseline 0.007 -22"><span class='ocrx_word' id='word_1_25' title='bbox 455 1056 550 1117; x_wconf 85' lang='lat' dir='ltr'><strong>etiam</strong></span> <span class='ocrx_word' id='word_1_26' title='bbox 577 1058 661 1116; x_wconf 87' lang='lat' dir='ltr'><strong>terra</strong></span> <span class='ocrx_word' id='word_1_27' title='bbox 681 1055 876 1133; x_wconf 78' lang='lat' dir='ltr'><strong>immeabilis,</strong></span> <span class='ocrx_word' id='word_1_28' title='bbox 902 1061 939 1118; x_wconf 87' lang='lat' dir='ltr'><strong>vt</strong></span> <span class='ocrx_word' id='word_1_29' title='bbox 961 1061 1066 1119; x_wconf 92' lang='lat' dir='ltr'><strong>tecum</strong></span> <span class='ocrx_word' id='word_1_30' title='bbox 1094 1080 1184 1137; x_wconf 89' lang='lat' dir='ltr'><strong>agam</strong></span> <span class='ocrx_word' id='word_1_31' title='bbox 1209 1062 1314 1122; x_wconf 89' lang='lat' dir='ltr'><strong>verbis</strong></span> <span class='ocrx_word' id='word_1_32' title='bbox 1341 1061 1480 1138; x_wconf 91' lang='lat' dir='ltr'><strong>poeticis.</strong></span> <span class='ocrx_word' id='word_1_33' title='bbox 1534 1064 1662 1125; x_wconf 88' lang='lat' dir='ltr'><strong>Deinde</strong></span> 
     </span>
     <span class='ocr_line' id='line_1_5' title="bbox 455 1154 1661 1230; baseline 0.005 -15"><span class='ocrx_word' id='word_1_34' title='bbox 455 1174 492 1215; x_wconf 89' lang='lat' dir='ltr'><strong>ea</strong></span> <span class='ocrx_word' id='word_1_35' title='bbox 508 1156 557 1215; x_wconf 90' lang='lat' dir='ltr'><strong>est</strong></span> <span class='ocrx_word' id='word_1_36' title='bbox 571 1155 710 1230; x_wconf 90' lang='lat' dir='ltr'><strong>corporis</strong></span> <span class='ocrx_word' id='word_1_37' title='bbox 727 1154 874 1217; x_wconf 86' lang='lat' dir='ltr'><strong>valetudo</strong></span> <span class='ocrx_word' id='word_1_38' title='bbox 888 1159 924 1217; x_wconf 86' lang='lat' dir='ltr'><strong>vt</strong></span> <span class='ocrx_word' id='word_1_39' title='bbox 942 1158 996 1217; x_wconf 84' lang='lat' dir='ltr'><strong>vix</strong></span> <span class='ocrx_word' id='word_1_40' title='bbox 1016 1178 1086 1218; x_wconf 90' lang='lat' dir='ltr'><strong>eam</strong></span> <span class='ocrx_word' id='word_1_41' title='bbox 1103 1161 1194 1219; x_wconf 89' lang='lat' dir='ltr'><strong>tuear</strong></span> <span class='ocrx_word' id='word_1_42' title='bbox 1207 1159 1294 1219; x_wconf 93' lang='lat' dir='ltr'><strong>domi</strong></span> <span class='ocrx_word' id='word_1_43' title='bbox 1310 1159 1437 1220; x_wconf 92' lang='lat' dir='ltr'><strong>abditus</strong></span> <span class='ocrx_word' id='word_1_44' title='bbox 1452 1163 1485 1221; x_wconf 92' lang='lat' dir='ltr'><strong>et</strong></span> <span class='ocrx_word' id='word_1_45' title='bbox 1498 1161 1537 1220; x_wconf 87' lang='lat' dir='ltr'><strong>ad</strong></span> <span class='ocrx_word' id='word_1_46' title='bbox 1551 1161 1661 1223; x_wconf 85' lang='lat' dir='ltr'><strong>iocum</strong></span> 
     </span>
     <span class='ocr_line' id='line_1_6' title="bbox 454 1251 1654 1334; baseline 0.007 -23"><span class='ocrx_word' id='word_1_47' title='bbox 454 1251 654 1313; x_wconf 91' lang='lat' dir='ltr'><strong>luculentum</strong></span> <span class='ocrx_word' id='word_1_48' title='bbox 683 1252 898 1329; x_wconf 78' lang='lat' dir='ltr'><strong>obambulans,</strong></span> <span class='ocrx_word' id='word_1_49' title='bbox 923 1258 979 1315; x_wconf 91' lang='lat' dir='ltr'><strong>aut</strong></span> <span class='ocrx_word' id='word_1_50' title='bbox 1007 1257 1144 1334; x_wconf 88' lang='lat' dir='ltr'><strong>coccycis</strong></span> <span class='ocrx_word' id='word_1_51' title='bbox 1167 1255 1201 1316; x_wconf 92' lang='lat' dir='ltr'><strong>in</strong></span> <span class='ocrx_word' id='word_1_52' title='bbox 1226 1276 1346 1317; x_wconf 88' lang='lat' dir='ltr'><strong>morem</strong></span> <span class='ocrx_word' id='word_1_53' title='bbox 1374 1258 1448 1318; x_wconf 91' lang='lat' dir='ltr'><strong>nido</strong></span> <span class='ocrx_word' id='word_1_54' title='bbox 1476 1257 1654 1320; x_wconf 81' lang='lat' dir='ltr'><strong>immersus</strong></span> 
     </span>
    </p>

    <p class='ocr_par' dir='ltr' id='par_1_3' title="bbox 411 1348 1661 1821">
     <span class='ocr_line' id='line_1_7' title="bbox 411 1348 1657 1429; baseline 0.006 -21"><span class='ocrx_word' id='word_1_55' title='bbox 411 1348 498 1422; x_wconf 77' lang='lat' dir='ltr'><strong>15Et</strong></span> <span class='ocrx_word' id='word_1_56' title='bbox 521 1352 628 1409; x_wconf 87' lang='lat' dir='ltr'><strong>tamen</strong></span> <span class='ocrx_word' id='word_1_57' title='bbox 650 1348 702 1409; x_wconf 92' lang='lat' dir='ltr'><strong>hic</strong></span> <span class='ocrx_word' id='word_1_58' title='bbox 723 1349 817 1410; x_wconf 91' lang='lat' dir='ltr'><strong>nidus</strong></span> <span class='ocrx_word' id='word_1_59' title='bbox 837 1351 918 1411; x_wconf 93' lang='lat' dir='ltr'><strong>mihi</strong></span> <span class='ocrx_word' id='word_1_60' title='bbox 937 1352 1106 1429; x_wconf 75' lang='lat' dir='ltr'><strong>plusquam</strong></span> <span class='ocrx_word' id='word_1_61' title='bbox 1127 1353 1299 1429; x_wconf 86' lang='lat' dir='ltr'><strong>pistrinum</strong></span> <span class='ocrx_word' id='word_1_62' title='bbox 1327 1355 1384 1414; x_wconf 91' lang='lat' dir='ltr'><strong>est.</strong></span> <span class='ocrx_word' id='word_1_63' title='bbox 1428 1355 1543 1416; x_wconf 87' lang='lat' dir='ltr'><strong>Vereor</strong></span> <span class='ocrx_word' id='word_1_64' title='bbox 1568 1356 1657 1417; x_wconf 87' lang='lat' dir='ltr'><strong>enim</strong></span> 
     </span>
     <span class='ocr_line' id='line_1_8' title="bbox 454 1446 1661 1532; baseline 0.006 -25"><span class='ocrx_word' id='word_1_65' title='bbox 454 1446 615 1508; x_wconf 88' lang='lat' dir='ltr'><strong>inlabere</strong></span> <span class='ocrx_word' id='word_1_66' title='bbox 636 1447 727 1525; x_wconf 90' lang='lat' dir='ltr'><strong>longe</strong></span> <span class='ocrx_word' id='word_1_67' title='bbox 749 1448 893 1509; x_wconf 90' lang='lat' dir='ltr'><strong>omnium</strong></span> <span class='ocrx_word' id='word_1_68' title='bbox 921 1450 1157 1523; x_wconf 89' lang='lat' dir='ltr'><strong>molestissimo,</strong></span> <span class='ocrx_word' id='word_1_69' title='bbox 1180 1453 1214 1511; x_wconf 95' lang='lat' dir='ltr'><strong>in</strong></span> <span class='ocrx_word' id='word_1_70' title='bbox 1235 1471 1297 1530; x_wconf 93' lang='lat' dir='ltr'><strong>quo</strong></span> <span class='ocrx_word' id='word_1_71' title='bbox 1318 1455 1425 1512; x_wconf 88' lang='lat' dir='ltr'><strong>tamen</strong></span> <span class='ocrx_word' id='word_1_72' title='bbox 1446 1453 1510 1513; x_wconf 90' lang='lat' dir='ltr'><strong>iam</strong></span> <span class='ocrx_word' id='word_1_73' title='bbox 1530 1473 1568 1514; x_wconf 92' lang='lat' dir='ltr'><strong>eo</strong></span> <span class='ocrx_word' id='word_1_74' title='bbox 1589 1474 1661 1532; x_wconf 84' lang='lat' dir='ltr'><strong>pro·</strong></span> 
     </span>
     <span class='ocr_line' id='line_1_9' title="bbox 454 1547 1661 1629; baseline 0.006 -24"><span class='ocrx_word' id='word_1_75' title='bbox 454 1547 563 1606; x_wconf 87' lang='lat' dir='ltr'><strong>uectus</strong></span> <span class='ocrx_word' id='word_1_76' title='bbox 589 1564 661 1605; x_wconf 88' lang='lat' dir='ltr'><strong>sum</strong></span> <span class='ocrx_word' id='word_1_77' title='bbox 689 1548 725 1605; x_wconf 86' lang='lat' dir='ltr'><strong>vt</strong></span> <span class='ocrx_word' id='word_1_78' title='bbox 751 1566 806 1621; x_wconf 91' lang='lat' dir='ltr'><strong>per</strong></span> <span class='ocrx_word' id='word_1_79' title='bbox 834 1547 1038 1608; x_wconf 89' lang='lat' dir='ltr'><strong>densissimas</strong></span> <span class='ocrx_word' id='word_1_80' title='bbox 1065 1551 1184 1610; x_wconf 90' lang='lat' dir='ltr'><strong>montis</strong></span> <span class='ocrx_word' id='word_1_81' title='bbox 1212 1550 1343 1627; x_wconf 79' lang='lat' dir='ltr'>perfossi</span> <span class='ocrx_word' id='word_1_82' title='bbox 1370 1551 1522 1625; x_wconf 88' lang='lat' dir='ltr'><strong>tenebras,</strong></span> <span class='ocrx_word' id='word_1_83' title='bbox 1553 1553 1661 1629; x_wconf 90' lang='lat' dir='ltr'><strong>qualis</strong></span> 
     </span>
     <span class='ocr_line' id='line_1_10' title="bbox 453 1643 1656 1724; baseline 0.006 -21"><span class='ocrx_word' id='word_1_84' title='bbox 453 1643 666 1721; x_wconf 87' lang='lat' dir='ltr'><strong>penetrandus</strong></span> <span class='ocrx_word' id='word_1_85' title='bbox 684 1646 732 1704; x_wconf 90' lang='lat' dir='ltr'><strong>est</strong></span> <span class='ocrx_word' id='word_1_86' title='bbox 751 1643 884 1722; x_wconf 80' lang='lat' dir='ltr'><strong>Neapoli</strong></span> <span class='ocrx_word' id='word_1_87' title='bbox 901 1644 1017 1706; x_wconf 77' lang='lat' dir='ltr'><strong>Cumas</strong></span> <span class='ocrx_word' id='word_1_88' title='bbox 1033 1646 1230 1721; x_wconf 89' lang='lat' dir='ltr'><strong>adeuntibus,</strong></span> <span class='ocrx_word' id='word_1_89' title='bbox 1247 1647 1356 1724; x_wconf 90' lang='lat' dir='ltr'><strong>procul</strong></span> <span class='ocrx_word' id='word_1_90' title='bbox 1378 1648 1527 1724; x_wconf 82' lang='lat' dir='ltr'><strong>exiguum</strong></span> <span class='ocrx_word' id='word_1_91' title='bbox 1544 1647 1656 1710; x_wconf 90' lang='lat' dir='ltr'><strong>lumen</strong></span> 
     </span>
     <span class='ocr_line' id='line_1_11' title="bbox 453 1740 1656 1821; baseline 0.004 -20"><span class='ocrx_word' id='word_1_92' title='bbox 453 1759 510 1801; x_wconf 89' lang='lat' dir='ltr'><strong>ceu</strong></span> <span class='ocrx_word' id='word_1_93' title='bbox 532 1740 626 1801; x_wconf 89' lang='lat' dir='ltr'><strong>stella</strong></span> <span class='ocrx_word' id='word_1_94' title='bbox 649 1741 783 1818; x_wconf 90' lang='lat' dir='ltr'><strong>quedam</strong></span> <span class='ocrx_word' id='word_1_95' title='bbox 805 1742 925 1802; x_wconf 86' lang='lat' dir='ltr'><strong>exitum</strong></span> <span class='ocrx_word' id='word_1_96' title='bbox 951 1743 1122 1819; x_wconf 79' lang='lat' dir='ltr'><strong>promittat,</strong></span> <span class='ocrx_word' id='word_1_97' title='bbox 1146 1746 1238 1821; x_wconf 91' lang='lat' dir='ltr'><strong>atque</strong></span> <span class='ocrx_word' id='word_1_98' title='bbox 1266 1743 1299 1803; x_wconf 93' lang='lat' dir='ltr'><strong>in</strong></span> <span class='ocrx_word' id='word_1_99' title='bbox 1324 1744 1474 1804; x_wconf 91' lang='lat' dir='ltr'><strong>fluctibus</strong></span> <span class='ocrx_word' id='word_1_100' title='bbox 1498 1744 1656 1806; x_wconf 77' lang='lat' dir='ltr'>laboranti</span> 
     </span>
    </p>

    <p class='ocr_par' dir='ltr' id='par_1_4' title="bbox 410 1838 1660 2309">
     <span class='ocr_line' id='line_1_12' title="bbox 410 1838 1652 1917; baseline 0.006 -22"><span class='ocrx_word' id='word_1_101' title='bbox 410 1856 472 1897; x_wconf 73' lang='lat' dir='ltr'><strong>ros</strong></span> <span class='ocrx_word' id='word_1_102' title='bbox 495 1838 666 1916; x_wconf 91' lang='lat' dir='ltr'><strong>longinquo</strong></span> <span class='ocrx_word' id='word_1_103' title='bbox 691 1841 800 1916; x_wconf 89' lang='lat' dir='ltr'><strong>portus</strong></span> <span class='ocrx_word' id='word_1_104' title='bbox 825 1842 980 1916; x_wconf 76' lang='lat' dir='ltr'><strong>appareat.</strong></span> <span class='ocrx_word' id='word_1_105' title='bbox 1026 1840 1117 1901; x_wconf 87' lang='lat' dir='ltr'><strong>Intra</strong></span> <span class='ocrx_word' id='word_1_106' title='bbox 1138 1860 1291 1917; x_wconf 88' lang='lat' dir='ltr'><strong>mensem,</strong></span> <span class='ocrx_word' id='word_1_107' title='bbox 1318 1841 1489 1902; x_wconf 89' lang='lat' dir='ltr'><strong>auxiliante</strong></span> <span class='ocrx_word' id='word_1_108' title='bbox 1517 1841 1652 1916; x_wconf 82' lang='lat' dir='ltr'><strong>Christo,</strong></span> 
     </span>
     <span class='ocr_line' id='line_1_13' title="bbox 453 1936 1656 2014; baseline 0.003 -17"><span class='ocrx_word' id='word_1_109' title='bbox 453 1954 492 1997; x_wconf 87' lang='lat' dir='ltr'><strong>cx</strong></span> <span class='ocrx_word' id='word_1_110' title='bbox 513 1937 573 1996; x_wconf 94' lang='lat' dir='ltr'><strong>hoc</strong></span> <span class='ocrx_word' id='word_1_111' title='bbox 596 1936 777 2014; x_wconf 86' lang='lat' dir='ltr'><strong>labiryntho</strong></span> <span class='ocrx_word' id='word_1_112' title='bbox 801 1956 852 1997; x_wconf 90' lang='lat' dir='ltr'><strong>me</strong></span> <span class='ocrx_word' id='word_1_113' title='bbox 876 1937 1044 1999; x_wconf 87' lang='lat' dir='ltr'><strong>extricabo.</strong></span> <span class='ocrx_word' id='word_1_114' title='bbox 1096 1938 1185 2013; x_wconf 77' lang='lat' dir='ltr'><strong>Quod</strong></span> <span class='ocrx_word' id='word_1_115' title='bbox 1211 1938 1239 1999; x_wconf 91' lang='lat' dir='ltr'><strong>si</strong></span> <span class='ocrx_word' id='word_1_116' title='bbox 1261 1958 1346 2000; x_wconf 90' lang='lat' dir='ltr'><strong>nunc</strong></span> <span class='ocrx_word' id='word_1_117' title='bbox 1368 1938 1455 1999; x_wconf 91' lang='lat' dir='ltr'><strong>labor</strong></span> <span class='ocrx_word' id='word_1_118' title='bbox 1481 1939 1535 1999; x_wconf 91' lang='lat' dir='ltr'><strong>hic</strong></span> <span class='ocrx_word' id='word_1_119' title='bbox 1561 1940 1656 2001; x_wconf 75' lang='lat' dir='ltr'><strong>inter</strong></span> 
     </span>
     <span class='ocr_line' id='line_1_14' title="bbox 454 2033 1660 2114; baseline 0.003 -20"><span class='ocrx_word' id='word_1_120' title='bbox 454 2038 659 2111; x_wconf 85' lang='lat' dir='ltr'><strong>rumperetur,</strong></span> <span class='ocrx_word' id='word_1_121' title='bbox 675 2053 839 2110; x_wconf 89' lang='lat' dir='ltr'><strong>nunquam</strong></span> <span class='ocrx_word' id='word_1_122' title='bbox 859 2033 966 2094; x_wconf 92' lang='lat' dir='ltr'><strong>animo</strong></span> <span class='ocrx_word' id='word_1_123' title='bbox 987 2054 1060 2095; x_wconf 89' lang='lat' dir='ltr'><strong>meo</strong></span> <span class='ocrx_word' id='word_1_124' title='bbox 1080 2056 1192 2112; x_wconf 90' lang='lat' dir='ltr'><strong>queam</strong></span> <span class='ocrx_word' id='word_1_125' title='bbox 1213 2036 1368 2114; x_wconf 89' lang='lat' dir='ltr'><strong>imperare</strong></span> <span class='ocrx_word' id='word_1_126' title='bbox 1388 2040 1424 2095; x_wconf 87' lang='lat' dir='ltr'><strong>vt</strong></span> <span class='ocrx_word' id='word_1_127' title='bbox 1441 2056 1569 2097; x_wconf 88' lang='lat' dir='ltr'><strong>rursum</strong></span> <span class='ocrx_word' id='word_1_128' title='bbox 1589 2056 1660 2099; x_wconf 86' lang='lat' dir='ltr'><strong>sese</strong></span> 
     </span>
     <span class='ocr_line' id='line_1_15' title="bbox 452 2131 1651 2211; baseline 0.004 -20"><span class='ocrx_word' id='word_1_129' title='bbox 452 2131 489 2191; x_wconf 93' lang='lat' dir='ltr'><strong>in</strong></span> <span class='ocrx_word' id='word_1_130' title='bbox 507 2132 690 2193; x_wconf 90' lang='lat' dir='ltr'><strong>huiusmodi</strong></span> <span class='ocrx_word' id='word_1_131' title='bbox 709 2132 879 2209; x_wconf 87' lang='lat' dir='ltr'><strong>pistrinum</strong></span> <span class='ocrx_word' id='word_1_132' title='bbox 898 2131 1063 2193; x_wconf 88' lang='lat' dir='ltr'><strong>immittat.</strong></span> <span class='ocrx_word' id='word_1_133' title='bbox 1106 2133 1198 2194; x_wconf 87' lang='lat' dir='ltr'><strong>Nunc</strong></span> <span class='ocrx_word' id='word_1_134' title='bbox 1219 2133 1296 2195; x_wconf 91' lang='lat' dir='ltr'><strong>dum</strong></span> <span class='ocrx_word' id='word_1_135' title='bbox 1313 2137 1424 2211; x_wconf 90' lang='lat' dir='ltr'><strong>captus</strong></span> <span class='ocrx_word' id='word_1_136' title='bbox 1443 2138 1492 2194; x_wconf 89' lang='lat' dir='ltr'><strong>est</strong></span> <span class='ocrx_word' id='word_1_137' title='bbox 1511 2133 1651 2210; x_wconf 88' lang='lat' dir='ltr'><strong>Proteus,</strong></span> 
     </span>
     <span class='ocr_line' id='line_1_16' title="bbox 452 2230 1652 2309; baseline 0.003 -17"><span class='ocrx_word' id='word_1_138' title='bbox 452 2232 638 2309; x_wconf 86' lang='lat' dir='ltr'><strong>stringenda</strong></span> <span class='ocrx_word' id='word_1_139' title='bbox 658 2234 734 2291; x_wconf 88' lang='lat' dir='ltr'><strong>sunt</strong></span> <span class='ocrx_word' id='word_1_140' title='bbox 754 2230 888 2302; x_wconf 86' lang='lat' dir='ltr'><strong>vincula,</strong></span> <span class='ocrx_word' id='word_1_141' title='bbox 913 2231 1011 2292; x_wconf 89' lang='lat' dir='ltr'><strong>donec</strong></span> <span class='ocrx_word' id='word_1_142' title='bbox 1031 2232 1066 2291; x_wconf 91' lang='lat' dir='ltr'><strong>in</strong></span> <span class='ocrx_word' id='word_1_143' title='bbox 1086 2251 1120 2292; x_wconf 89' lang='lat' dir='ltr'><strong>se</strong></span> <span class='ocrx_word' id='word_1_144' title='bbox 1139 2252 1284 2294; x_wconf 87' lang='lat' dir='ltr'><strong>reuersus</strong></span> <span class='ocrx_word' id='word_1_145' title='bbox 1311 2233 1473 2293; x_wconf 92' lang='lat' dir='ltr'><strong>oraculum</strong></span> <span class='ocrx_word' id='word_1_146' title='bbox 1500 2234 1652 2296; x_wconf 88' lang='lat' dir='ltr'><strong>absoluat.</strong></span> 
     </span>
    </p>

    <p class='ocr_par' dir='ltr' id='par_1_5' title="bbox 409 2329 1656 2489">
     <span class='ocr_line' id='line_1_17' title="bbox 409 2329 1656 2408; baseline 0.003 -19"><span class='ocrx_word' id='word_1_147' title='bbox 409 2346 439 2395; x_wconf 77' lang='lat'><strong>²5</strong></span> <span class='ocrx_word' id='word_1_148' title='bbox 454 2329 496 2389; x_wconf 84' lang='lat' dir='ltr'><strong>Et</strong></span> <span class='ocrx_word' id='word_1_149' title='bbox 512 2350 587 2390; x_wconf 84' lang='lat' dir='ltr'><strong>mox</strong></span> <span class='ocrx_word' id='word_1_150' title='bbox 607 2351 639 2391; x_wconf 87' lang='lat' dir='ltr'><strong>ss</strong></span> <span class='ocrx_word' id='word_1_151' title='bbox 658 2331 799 2390; x_wconf 86' lang='lat' dir='ltr'><strong>remittet</strong></span> <span class='ocrx_word' id='word_1_152' title='bbox 812 2330 938 2407; x_wconf 81' lang='lat' dir='ltr'><strong>hyemis</strong></span> <span class='ocrx_word' id='word_1_153' title='bbox 957 2331 1052 2408; x_wconf 90' lang='lat' dir='ltr'><strong>rigor,</strong></span> <span class='ocrx_word' id='word_1_154' title='bbox 1067 2334 1103 2392; x_wconf 80' lang='lat' dir='ltr'><strong>vt</strong></span> <span class='ocrx_word' id='word_1_155' title='bbox 1121 2331 1214 2392; x_wconf 90' lang='lat' dir='ltr'><strong>liceat</strong></span> <span class='ocrx_word' id='word_1_156' title='bbox 1231 2352 1303 2392; x_wconf 90' lang='lat' dir='ltr'><strong>cum</strong></span> <span class='ocrx_word' id='word_1_157' title='bbox 1321 2332 1449 2393; x_wconf 90' lang='lat' dir='ltr'><strong>ciconiis</strong></span> <span class='ocrx_word' id='word_1_158' title='bbox 1463 2334 1495 2392; x_wconf 91' lang='lat' dir='ltr'><strong>et</strong></span> <span class='ocrx_word' id='word_1_159' title='bbox 1513 2332 1656 2393; x_wconf 90' lang='lat' dir='ltr'><strong>hirundi-</strong></span> 
     </span>
     <span class='ocr_line' id='line_1_18' title="bbox 453 2428 694 2489; baseline 0.004 -1"><span class='ocrx_word' id='word_1_160' title='bbox 453 2428 547 2488; x_wconf 87' lang='lat' dir='ltr'><strong>nibus</strong></span> <span class='ocrx_word' id='word_1_161' title='bbox 561 2428 694 2489; x_wconf 90' lang='lat' dir='ltr'><strong>euolare.</strong></span> 
     </span>
    </p>

    <p class='ocr_par' dir='ltr' id='par_1_6' title="bbox 452 2525 1659 2800">
     <span class='ocr_line' id='line_1_19' title="bbox 495 2525 1659 2606; baseline 0.003 -21"><span class='ocrx_word' id='word_1_162' title='bbox 495 2525 584 2600; x_wconf 77' lang='lat' dir='ltr'><strong>Quod</strong></span> <span class='ocrx_word' id='word_1_163' title='bbox 603 2525 898 2586; x_wconf 87' lang='lat' dir='ltr'><strong>reuerendissimum</strong></span> <span class='ocrx_word' id='word_1_164' title='bbox 919 2525 957 2586; x_wconf 88' lang='lat' dir='ltr'><strong>D.</strong></span> <span class='ocrx_word' id='word_1_165' title='bbox 980 2525 1130 2586; x_wconf 91' lang='lat' dir='ltr'><strong>omnibus</strong></span> <span class='ocrx_word' id='word_1_166' title='bbox 1151 2528 1318 2602; x_wconf 82' lang='lat' dir='ltr'><strong>anteponis</strong></span> <span class='ocrx_word' id='word_1_167' title='bbox 1334 2526 1537 2604; x_wconf 89' lang='lat' dir='ltr'><strong>praesulibus,</strong></span> <span class='ocrx_word' id='word_1_168' title='bbox 1560 2528 1659 2606; x_wconf 84' lang='lat' dir='ltr'><strong>idque</strong></span> 
     </span>
     <span class='ocr_line' id='line_1_20' title="bbox 454 2624 1653 2701; baseline 0.003 -19"><span class='ocrx_word' id='word_1_169' title='bbox 454 2624 489 2683; x_wconf 90' lang='lat' dir='ltr'><strong>in</strong></span> <span class='ocrx_word' id='word_1_170' title='bbox 510 2624 598 2682; x_wconf 90' lang='lat' dir='ltr'><strong>cumi</strong></span> <span class='ocrx_word' id='word_1_171' title='bbox 615 2624 771 2685; x_wconf 83' lang='lat' dir='ltr'><strong>virtutum</strong></span> <span class='ocrx_word' id='word_1_172' title='bbox 791 2625 845 2683; x_wconf 89' lang='lat' dir='ltr'><strong>aut</strong></span> <span class='ocrx_word' id='word_1_173' title='bbox 862 2626 1118 2684; x_wconf 85' lang='lat' dir='ltr'><strong>ornamentorum</strong></span> <span class='ocrx_word' id='word_1_174' title='bbox 1137 2643 1256 2701; x_wconf 88' lang='lat' dir='ltr'><strong>genere,</strong></span> <span class='ocrx_word' id='word_1_175' title='bbox 1273 2644 1337 2685; x_wconf 92' lang='lat' dir='ltr'><strong>non</strong></span> <span class='ocrx_word' id='word_1_176' title='bbox 1356 2624 1527 2684; x_wconf 86' lang='lat' dir='ltr'><strong>admodum</strong></span> <span class='ocrx_word' id='word_1_177' title='bbox 1548 2628 1653 2685; x_wconf 85' lang='lat' dir='ltr'><strong>tecum</strong></span> 
     </span>
     <span class='ocr_line' id='line_1_21' title="bbox 452 2720 1657 2800; baseline 0.002 -19"><span class='ocrx_word' id='word_1_178' title='bbox 452 2722 606 2800; x_wconf 81' lang='lat' dir='ltr'><strong>pugnabo,</strong></span> <span class='ocrx_word' id='word_1_179' title='bbox 620 2722 802 2798; x_wconf 88' lang='lat' dir='ltr'><strong>praesertim</strong></span> <span class='ocrx_word' id='word_1_180' title='bbox 817 2739 890 2780; x_wconf 93' lang='lat' dir='ltr'><strong>cum</strong></span> <span class='ocrx_word' id='word_1_181' title='bbox 904 2740 960 2781; x_wconf 90' lang='lat' dir='ltr'><strong>nec</strong></span> <span class='ocrx_word' id='word_1_182' title='bbox 974 2721 1007 2781; x_wconf 94' lang='lat' dir='ltr'><strong>id</strong></span> <span class='ocrx_word' id='word_1_183' title='bbox 1021 2720 1107 2782; x_wconf 89' lang='lat' dir='ltr'><strong>solus</strong></span> <span class='ocrx_word' id='word_1_184' title='bbox 1120 2721 1283 2799; x_wconf 78' lang='lat' dir='ltr'><strong>praedices,</strong></span> <span class='ocrx_word' id='word_1_185' title='bbox 1297 2726 1329 2782; x_wconf 95' lang='lat' dir='ltr'><strong>et</strong></span> <span class='ocrx_word' id='word_1_186' title='bbox 1343 2721 1424 2781; x_wconf 91' lang='lat' dir='ltr'><strong>mihi</strong></span> <span class='ocrx_word' id='word_1_187' title='bbox 1434 2723 1485 2783; x_wconf 86' lang='lat' dir='ltr'><strong>vel</strong></span> <span class='ocrx_word' id='word_1_188' title='bbox 1499 2723 1657 2783; x_wconf 85' lang='lat' dir='ltr'><strong>Aliander</strong></span> 
     </span>
    </p>

    <p class='ocr_par' dir='ltr' id='par_1_7' title="bbox 406 2818 1657 3386">
     <span class='ocr_line' id='line_1_22' title="bbox 408 2818 1653 2895; baseline 0.003 -18"><span class='ocrx_word' id='word_1_189' title='bbox 408 2843 439 2892; x_wconf 81' lang='grc' dir='ltr'><strong>3ο</strong></span> <span class='ocrx_word' id='word_1_190' title='bbox 452 2822 588 2894; x_wconf 91' lang='lat' dir='ltr'><strong>euectus,</strong></span> <span class='ocrx_word' id='word_1_191' title='bbox 618 2818 669 2878; x_wconf 84' lang='lat' dir='ltr'><strong>vel</strong></span> <span class='ocrx_word' id='word_1_192' title='bbox 698 2819 755 2879; x_wconf 92' lang='lat' dir='ltr'><strong>hec</strong></span> <span class='ocrx_word' id='word_1_193' title='bbox 783 2818 918 2895; x_wconf 89' lang='lat' dir='ltr'><strong>denique</strong></span> <span class='ocrx_word' id='word_1_194' title='bbox 945 2818 1078 2895; x_wconf 90' lang='lat' dir='ltr'><strong>epistola</strong></span> <span class='ocrx_word' id='word_1_195' title='bbox 1108 2839 1223 2879; x_wconf 93' lang='lat' dir='ltr'><strong>nouam</strong></span> <span class='ocrx_word' id='word_1_196' title='bbox 1250 2824 1282 2880; x_wconf 89' lang='lat' dir='ltr'><strong>et</strong></span> <span class='ocrx_word' id='word_1_197' title='bbox 1310 2820 1487 2881; x_wconf 88' lang='lat' dir='ltr'><strong>inauditam</strong></span> <span class='ocrx_word' id='word_1_198' title='bbox 1516 2840 1550 2880; x_wconf 90' lang='lat' dir='ltr'><strong>ac</strong></span> <span class='ocrx_word' id='word_1_199' title='bbox 1578 2840 1653 2881; x_wconf 87' lang='lat' dir='ltr'><strong>vere</strong></span> 
     </span>
     <span class='ocr_line' id='line_1_23' title="bbox 453 2916 1653 2995; baseline 0 -18"><span class='ocrx_word' id='word_1_200' title='bbox 453 2936 634 2995; x_wconf 79' lang='lat' dir='ltr'><strong>generosam</strong></span> <span class='ocrx_word' id='word_1_201' title='bbox 662 2916 781 2995; x_wconf 90' lang='lat' dir='ltr'><strong>ingenii</strong></span> <span class='ocrx_word' id='word_1_202' title='bbox 804 2917 1036 2977; x_wconf 89' lang='lat' dir='ltr'><strong>humanitatem</strong></span> <span class='ocrx_word' id='word_1_203' title='bbox 1060 2935 1134 2994; x_wconf 88' lang='lat' dir='ltr'><strong>prae</strong></span> <span class='ocrx_word' id='word_1_204' title='bbox 1158 2937 1192 2977; x_wconf 88' lang='lat' dir='ltr'><strong>se</strong></span> <span class='ocrx_word' id='word_1_205' title='bbox 1212 2917 1324 2993; x_wconf 86' lang='lat' dir='ltr'><strong>ferens,</strong></span> <span class='ocrx_word' id='word_1_206' title='bbox 1346 2917 1442 2978; x_wconf 88' lang='lat' dir='ltr'><strong>fidem</strong></span> <span class='ocrx_word' id='word_1_207' title='bbox 1464 2917 1566 2977; x_wconf 86' lang='lat' dir='ltr'><strong>faciat.</strong></span> <span class='ocrx_word' id='word_1_208' title='bbox 1611 2918 1653 2977; x_wconf 86' lang='lat' dir='ltr'><strong>Et</strong></span> 
     </span>
     <span class='ocr_line' id='line_1_24' title="bbox 452 3012 1652 3091; baseline -0.003 -15"><span class='ocrx_word' id='word_1_209' title='bbox 452 3019 558 3076; x_wconf 88' lang='lat' dir='ltr'><strong>temen</strong></span> <span class='ocrx_word' id='word_1_210' title='bbox 578 3014 840 3091; x_wconf 78' lang='lat' dir='ltr'><strong>Amhiepiscopus</strong></span> <span class='ocrx_word' id='word_1_211' title='bbox 859 3013 1092 3075; x_wconf 76' lang='lat' dir='ltr'><strong>cantuariensis</strong></span> <span class='ocrx_word' id='word_1_212' title='bbox 1107 3013 1189 3074; x_wconf 91' lang='lat' dir='ltr'><strong>mihi</strong></span> <span class='ocrx_word' id='word_1_213' title='bbox 1210 3012 1283 3073; x_wconf 87' lang='lat' dir='ltr'><strong>talis</strong></span> <span class='ocrx_word' id='word_1_214' title='bbox 1296 3016 1343 3073; x_wconf 88' lang='lat' dir='ltr'><strong>est</strong></span> <span class='ocrx_word' id='word_1_215' title='bbox 1357 3017 1393 3073; x_wconf 85' lang='lat' dir='ltr'><strong>vt</strong></span> <span class='ocrx_word' id='word_1_216' title='bbox 1406 3014 1652 3074; x_wconf 81' lang='lat' dir='ltr'><strong>commodiorem</strong></span> 
     </span>
     <span class='ocr_line' id='line_1_25' title="bbox 452 3111 1657 3191; baseline -0.002 -18"><span class='ocrx_word' id='word_1_217' title='bbox 452 3134 491 3173; x_wconf 91' lang='lat' dir='ltr'><strong>ne</strong></span> <span class='ocrx_word' id='word_1_218' title='bbox 512 3114 631 3191; x_wconf 89' lang='lat' dir='ltr'><strong>possim</strong></span> <span class='ocrx_word' id='word_1_219' title='bbox 655 3113 781 3189; x_wconf 90' lang='lat' dir='ltr'><strong>quidem</strong></span> <span class='ocrx_word' id='word_1_220' title='bbox 806 3116 924 3188; x_wconf 89' lang='lat' dir='ltr'><strong>optare.</strong></span> <span class='ocrx_word' id='word_1_221' title='bbox 976 3112 1046 3172; x_wconf 90' lang='lat' dir='ltr'><strong>Hoc</strong></span> <span class='ocrx_word' id='word_1_222' title='bbox 1070 3131 1133 3172; x_wconf 82' lang='lat' dir='ltr'><strong>vno</strong></span> <span class='ocrx_word' id='word_1_223' title='bbox 1158 3114 1205 3173; x_wconf 89' lang='lat' dir='ltr'><strong>sat</strong></span> <span class='ocrx_word' id='word_1_224' title='bbox 1228 3111 1302 3171; x_wconf 84' lang='lat' dir='ltr'><strong>felix</strong></span> <span class='ocrx_word' id='word_1_225' title='bbox 1326 3131 1436 3187; x_wconf 90' lang='lat' dir='ltr'><strong>essem,</strong></span> <span class='ocrx_word' id='word_1_226' title='bbox 1463 3113 1491 3170; x_wconf 92' lang='lat' dir='ltr'><strong>si</strong></span> <span class='ocrx_word' id='word_1_227' title='bbox 1518 3115 1573 3171; x_wconf 92' lang='lat' dir='ltr'><strong>aut</strong></span> <span class='ocrx_word' id='word_1_228' title='bbox 1600 3112 1657 3171; x_wconf 86' lang='lat' dir='ltr'><strong>hic</strong></span> 
     </span>
     <span class='ocr_line' id='line_1_26' title="bbox 451 3210 1653 3289; baseline -0.003 -16"><span class='ocrx_word' id='word_1_229' title='bbox 451 3211 635 3289; x_wconf 82' lang='lat' dir='ltr'><strong>contigisset</strong></span> <span class='ocrx_word' id='word_1_230' title='bbox 653 3213 706 3271; x_wconf 91' lang='lat' dir='ltr'><strong>aut</strong></span> <span class='ocrx_word' id='word_1_231' title='bbox 724 3211 925 3270; x_wconf 88' lang='lat' dir='ltr'><strong>Britanniam</strong></span> <span class='ocrx_word' id='word_1_232' title='bbox 947 3210 1040 3271; x_wconf 93' lang='lat' dir='ltr'><strong>nobis</strong></span> <span class='ocrx_word' id='word_1_233' title='bbox 1058 3230 1138 3288; x_wconf 90' lang='lat' dir='ltr'><strong>pons</strong></span> <span class='ocrx_word' id='word_1_234' title='bbox 1157 3210 1271 3288; x_wconf 89' lang='lat' dir='ltr'><strong>aliquis</strong></span> <span class='ocrx_word' id='word_1_235' title='bbox 1290 3210 1455 3286; x_wconf 76' lang='lat' dir='ltr'><strong>iungerett</strong></span> <span class='ocrx_word' id='word_1_236' title='bbox 1476 3210 1551 3270; x_wconf 89' lang='lat' dir='ltr'><strong>adeo</strong></span> <span class='ocrx_word' id='word_1_237' title='bbox 1569 3212 1653 3270; x_wconf 90' lang='lat' dir='ltr'><strong>male</strong></span> 
     </span>
     <span class='ocr_line' id='line_1_27' title="bbox 406 3308 1501 3386; baseline -0.005 -15"><span class='ocrx_word' id='word_1_238' title='bbox 406 3336 437 3386; x_wconf 81' lang='lat'><strong>35</strong></span> <span class='ocrx_word' id='word_1_239' title='bbox 450 3310 502 3371; x_wconf 93' lang='lat' dir='ltr'><strong>odi</strong></span> <span class='ocrx_word' id='word_1_240' title='bbox 516 3309 632 3369; x_wconf 84' lang='lat' dir='ltr'><strong>fretum</strong></span> <span class='ocrx_word' id='word_1_241' title='bbox 647 3308 726 3368; x_wconf 89' lang='lat' dir='ltr'><strong>illud</strong></span> <span class='ocrx_word' id='word_1_242' title='bbox 741 3309 1011 3369; x_wconf 88' lang='lat' dir='ltr'><strong>immanissimum</strong></span> <span class='ocrx_word' id='word_1_243' title='bbox 1026 3311 1059 3368; x_wconf 90' lang='lat' dir='ltr'><strong>et</strong></span> <span class='ocrx_word' id='word_1_244' title='bbox 1072 3311 1184 3368; x_wconf 87' lang='lat' dir='ltr'><strong>nautas</strong></span> <span class='ocrx_word' id='word_1_245' title='bbox 1197 3308 1276 3367; x_wconf 82' lang='lat' dir='ltr'><strong>freto</strong></span> <span class='ocrx_word' id='word_1_246' title='bbox 1290 3308 1501 3368; x_wconf 88' lang='lat' dir='ltr'><strong>immaniores.</strong></span> 
     </span>
    </p>

    <p class='ocr_par' dir='ltr' id='par_1_8' title="bbox 449 3403 1656 3775">
     <span class='ocr_line' id='line_1_28' title="bbox 490 3403 1652 3483; baseline -0.004 -15"><span class='ocrx_word' id='word_1_247' title='bbox 490 3408 611 3468; x_wconf 89' lang='lat' dir='ltr'><strong>Verum</strong></span> <span class='ocrx_word' id='word_1_248' title='bbox 624 3410 660 3467; x_wconf 85' lang='lat' dir='ltr'><strong>vt</strong></span> <span class='ocrx_word' id='word_1_249' title='bbox 673 3406 750 3466; x_wconf 90' lang='lat' dir='ltr'><strong>olim</strong></span> <span class='ocrx_word' id='word_1_250' title='bbox 761 3407 843 3483; x_wconf 94' lang='lat' dir='ltr'><strong>apud</strong></span> <span class='ocrx_word' id='word_1_251' title='bbox 858 3406 992 3482; x_wconf 90' lang='lat' dir='ltr'><strong>Scythas</strong></span> <span class='ocrx_word' id='word_1_252' title='bbox 1005 3425 1118 3483; x_wconf 90' lang='lat' dir='ltr'><strong>parum</strong></span> <span class='ocrx_word' id='word_1_253' title='bbox 1129 3406 1281 3466; x_wconf 89' lang='lat' dir='ltr'><strong>secundae</strong></span> <span class='ocrx_word' id='word_1_254' title='bbox 1292 3405 1394 3465; x_wconf 83' lang='lat' dir='ltr'><strong>famae</strong></span> <span class='ocrx_word' id='word_1_255' title='bbox 1405 3404 1467 3465; x_wconf 85' lang='lat' dir='ltr'><strong>iuit</strong></span> <span class='ocrx_word' id='word_1_256' title='bbox 1476 3403 1652 3482; x_wconf 86' lang='lat' dir='ltr'><strong>polyphilia</strong></span> 
     </span>
     <span class='ocr_line' id='line_1_29' title="bbox 449 3502 1653 3585; baseline -0.004 -18"><span class='ocrx_word' id='word_1_257' title='bbox 449 3505 639 3585; x_wconf 83' lang='lat' dir='ltr'><strong>(quanquam</strong></span> <span class='ocrx_word' id='word_1_258' title='bbox 657 3503 749 3565; x_wconf 82' lang='lat' dir='ltr'><strong>video</strong></span> <span class='ocrx_word' id='word_1_259' title='bbox 768 3507 800 3563; x_wconf 91' lang='lat' dir='ltr'><strong>et</strong></span> <span class='ocrx_word' id='word_1_260' title='bbox 818 3503 958 3564; x_wconf 87' lang='lat' dir='ltr'><strong>Hesiodo</strong></span> <span class='ocrx_word' id='word_1_261' title='bbox 977 3504 1064 3565; x_wconf 84' lang='lat' dir='ltr'><strong>iusta</strong></span> <span class='ocrx_word' id='word_1_262' title='bbox 1081 3506 1174 3581; x_wconf 89' lang='lat' dir='ltr'><strong>turpe</strong></span> <span class='ocrx_word' id='word_1_263' title='bbox 1194 3503 1294 3564; x_wconf 86' lang='lat' dir='ltr'><strong>videri</strong></span> <span class='ocrx_word' id='word_1_264' title='bbox 1311 3502 1408 3572; x_wconf 76' lang='grc' dir='ltr'>ἄξενον</span> <span class='ocrx_word' id='word_1_265' title='bbox 1421 3503 1490 3563; x_wconf 76' lang='grc' dir='ltr'>εἶναι</span> <span class='ocrx_word' id='word_1_266' title='bbox 1508 3503 1554 3562; x_wconf 83' lang='grc' dir='ltr'><strong>καὶ</strong></span> <span class='ocrx_word' id='word_1_267' title='bbox 1567 3505 1653 3562; x_wconf 82' lang='grc' dir='ltr'>πολύ-</span> 
     </span>
     <span class='ocr_line' id='line_1_30' title="bbox 450 3601 1656 3682; baseline -0.004 -16"><span class='ocrx_word' id='word_1_268' title='bbox 450 3605 547 3682; x_wconf 76' lang='grc' dir='ltr'>ξενον),</span> <span class='ocrx_word' id='word_1_269' title='bbox 573 3604 618 3663; x_wconf 86' lang='lat' dir='ltr'><strong>ita</strong></span> <span class='ocrx_word' id='word_1_270' title='bbox 638 3604 770 3662; x_wconf 80' lang='lat' dir='ltr'><strong>fortasse</strong></span> <span class='ocrx_word' id='word_1_271' title='bbox 791 3601 872 3678; x_wconf 92' lang='lat' dir='ltr'><strong>apud</strong></span> <span class='ocrx_word' id='word_1_272' title='bbox 894 3601 1047 3680; x_wconf 91' lang='lat' dir='ltr'><strong>populum</strong></span> <span class='ocrx_word' id='word_1_273' title='bbox 1072 3601 1229 3677; x_wconf 91' lang='lat' dir='ltr'><strong>poeticum</strong></span> <span class='ocrx_word' id='word_1_274' title='bbox 1253 3620 1364 3677; x_wconf 91' lang='lat' dir='ltr'><strong>parum</strong></span> <span class='ocrx_word' id='word_1_275' title='bbox 1388 3601 1559 3661; x_wconf 90' lang='lat' dir='ltr'><strong>honestum</strong></span> <span class='ocrx_word' id='word_1_276' title='bbox 1584 3620 1656 3661; x_wconf 86' lang='lat' dir='ltr'><strong>esse</strong></span> 
     </span>
     <span class='ocr_line' id='line_1_31' title="bbox 449 3697 1655 3775; baseline -0.004 -12"><span class='ocrx_word' id='word_1_277' title='bbox 449 3702 576 3763; x_wconf 86' lang='lat' dir='ltr'><strong>ducitur</strong></span> <span class='ocrx_word' id='word_1_278' title='bbox 596 3701 699 3761; x_wconf 91' lang='lat' dir='ltr'><strong>eidem</strong></span> <span class='ocrx_word' id='word_1_279' title='bbox 720 3699 839 3760; x_wconf 91' lang='lat' dir='ltr'><strong>multos</strong></span> <span class='ocrx_word' id='word_1_280' title='bbox 859 3720 926 3760; x_wconf 83' lang='lat' dir='ltr'><strong>esse</strong></span> <span class='ocrx_word' id='word_1_281' title='bbox 948 3700 1162 3774; x_wconf 81' lang='lat' dir='ltr'><strong>Moecenates3</strong></span> <span class='ocrx_word' id='word_1_282' title='bbox 1191 3698 1315 3759; x_wconf 88' lang='lat' dir='ltr'><strong>etiamsi</strong></span> <span class='ocrx_word' id='word_1_283' title='bbox 1340 3698 1420 3758; x_wconf 92' lang='lat' dir='ltr'><strong>mihi</strong></span> <span class='ocrx_word' id='word_1_284' title='bbox 1444 3697 1526 3758; x_wconf 90' lang='lat' dir='ltr'><strong>nihil</strong></span> <span class='ocrx_word' id='word_1_285' title='bbox 1551 3699 1655 3775; x_wconf 87' lang='lat' dir='ltr'><strong>magis</strong></span> 
     </span>
    </p>

    <p class='ocr_par' dir='ltr' id='par_1_9' title="bbox 405 3795 1652 3973">
     <span class='ocr_line' id='line_1_32' title="bbox 405 3795 1652 3875; baseline -0.006 -14"><span class='ocrx_word' id='word_1_286' title='bbox 405 3826 437 3875; x_wconf 75' lang='lat'><strong>40</strong></span> <span class='ocrx_word' id='word_1_287' title='bbox 449 3801 484 3861; x_wconf 88' lang='lat' dir='ltr'><strong>in</strong></span> <span class='ocrx_word' id='word_1_288' title='bbox 497 3799 581 3861; x_wconf 86' lang='lat' dir='ltr'><strong>votis</strong></span> <span class='ocrx_word' id='word_1_289' title='bbox 594 3802 641 3859; x_wconf 90' lang='lat' dir='ltr'><strong>est</strong></span> <span class='ocrx_word' id='word_1_290' title='bbox 656 3817 750 3875; x_wconf 89' lang='lat' dir='ltr'><strong>quam</strong></span> <span class='ocrx_word' id='word_1_291' title='bbox 764 3798 893 3875; x_wconf 90' lang='lat' dir='ltr'><strong>optimis</strong></span> <span class='ocrx_word' id='word_1_292' title='bbox 908 3796 1041 3873; x_wconf 87' lang='lat' dir='ltr'><strong>probari,</strong></span> <span class='ocrx_word' id='word_1_293' title='bbox 1059 3795 1314 3874; x_wconf 90' lang='lat' dir='ltr'><strong>quandoquidem</strong></span> <span class='ocrx_word' id='word_1_294' title='bbox 1333 3796 1482 3855; x_wconf 90' lang='lat' dir='ltr'><strong>omnibus</strong></span> <span class='ocrx_word' id='word_1_295' title='bbox 1500 3814 1565 3854; x_wconf 89' lang='lat' dir='ltr'><strong>non</strong></span> <span class='ocrx_word' id='word_1_296' title='bbox 1584 3815 1652 3872; x_wconf 92' lang='lat' dir='ltr'><strong>pos·</strong></span> 
     </span>
     <span class='ocr_line' id='line_1_33' title="bbox 450 3891 1650 3973; baseline -0.004 -16"><span class='ocrx_word' id='word_1_297' title='bbox 450 3916 568 3957; x_wconf 90' lang='lat' dir='ltr'><strong>sumus.</strong></span> <span class='ocrx_word' id='word_1_298' title='bbox 600 3898 707 3973; x_wconf 86' lang='lat' dir='ltr'><strong>Atque</strong></span> <span class='ocrx_word' id='word_1_299' title='bbox 716 3895 749 3955; x_wconf 92' lang='lat' dir='ltr'><strong>id</strong></span> <span class='ocrx_word' id='word_1_300' title='bbox 760 3915 834 3955; x_wconf 93' lang='lat' dir='ltr'><strong>sane</strong></span> <span class='ocrx_word' id='word_1_301' title='bbox 845 3894 937 3955; x_wconf 90' lang='lat' dir='ltr'><strong>nobis</strong></span> <span class='ocrx_word' id='word_1_302' title='bbox 946 3914 1010 3954; x_wconf 92' lang='lat' dir='ltr'><strong>non</strong></span> <span class='ocrx_word' id='word_1_303' title='bbox 1025 3894 1153 3972; x_wconf 90' lang='lat' dir='ltr'><strong>perinde</strong></span> <span class='ocrx_word' id='word_1_304' title='bbox 1169 3891 1305 3970; x_wconf 88' lang='lat' dir='ltr'><strong>maligue</strong></span> <span class='ocrx_word' id='word_1_305' title='bbox 1318 3892 1451 3969; x_wconf 91' lang='lat' dir='ltr'><strong>contigit</strong></span> <span class='ocrx_word' id='word_1_306' title='bbox 1464 3896 1557 3969; x_wconf 90' lang='lat' dir='ltr'><strong>atque</strong></span> <span class='ocrx_word' id='word_1_307' title='bbox 1571 3911 1650 3954; x_wconf 90' lang='lat' dir='ltr'><strong>sero.</strong></span> 
     </span>
    </p>
   </div>
   <div class='ocr_carea' id='block_1_3' title="bbox 448 4013 1653 4343">
    <p class='ocr_par' dir='ltr' id='par_1_10' title="bbox 448 4013 1653 4343">
     <span class='ocr_line' id='line_1_34' title="bbox 485 4013 1653 4083; baseline 0 -20"><span class='ocrx_word' id='word_1_308' title='bbox 485 4031 522 4078; x_wconf 66' lang='lat'><strong>¹4</strong></span> <span class='ocrx_word' id='word_1_309' title='bbox 542 4022 580 4066; x_wconf 88' lang='lat' dir='ltr'><strong>D:</strong></span> <span class='ocrx_word' id='word_1_310' title='bbox 597 4017 700 4083; x_wconf 68' lang='lat' dir='ltr'><strong>coeycis</strong></span> <span class='ocrx_word' id='word_1_311' title='bbox 711 4019 764 4065; x_wconf 73' lang='lat' dir='ltr'><strong>us.</strong></span> <span class='ocrx_word' id='word_1_312' title='bbox 886 4028 925 4075; x_wconf 81' lang='lat'><strong>15·</strong></span> <span class='ocrx_word' id='word_1_313' title='bbox 944 4017 986 4063; x_wconf 85' lang='lat' dir='ltr'><strong>est</strong></span> <span class='ocrx_word' id='word_1_314' title='bbox 997 4018 1054 4063; x_wconf 75' lang='lat' dir='ltr'><strong>odd.</strong></span> <span class='ocrx_word' id='word_1_315' title='bbox 1067 4019 1095 4063; x_wconf 87' lang='lat' dir='ltr'><strong>D.</strong></span> <span class='ocrx_word' id='word_1_316' title='bbox 1214 4028 1252 4074; x_wconf 81' lang='lat'><strong>17·</strong></span> <span class='ocrx_word' id='word_1_317' title='bbox 1270 4013 1359 4073; x_wconf 84' lang='lat' dir='ltr'><strong>qualis</strong></span> <span class='ocrx_word' id='word_1_318' title='bbox 1371 4050 1377 4061; x_wconf 88' lang='lat'><strong>.</strong></span> <span class='ocrx_word' id='word_1_319' title='bbox 1390 4049 1397 4062; x_wconf 91' lang='lat'><strong>.</strong></span> <span class='ocrx_word' id='word_1_320' title='bbox 1411 4049 1416 4061; x_wconf 93' lang='lat'>.</span> <span class='ocrx_word' id='word_1_321' title='bbox 1432 4015 1470 4061; x_wconf 81' lang='lat'><strong>18.</strong></span> <span class='ocrx_word' id='word_1_322' title='bbox 1488 4013 1653 4064; x_wconf 83' lang='lat' dir='ltr'><strong>adeuntibus</strong></span> 
     </span>
     <span class='ocr_line' id='line_1_35' title="bbox 449 4079 1650 4144; baseline -0.004 -11"><span class='ocrx_word' id='word_1_323' title='bbox 449 4087 505 4133; x_wconf 80' lang='lat' dir='ltr'><strong>odd.</strong></span> <span class='ocrx_word' id='word_1_324' title='bbox 517 4087 547 4132; x_wconf 85' lang='lat' dir='ltr'><strong>D.</strong></span> <span class='ocrx_word' id='word_1_325' title='bbox 673 4095 712 4144; x_wconf 75' lang='lat'><strong>²5·</strong></span> <span class='ocrx_word' id='word_1_326' title='bbox 731 4080 843 4129; x_wconf 90' lang='lat' dir='ltr'><strong>ciconiis</strong></span> <span class='ocrx_word' id='word_1_327' title='bbox 854 4084 907 4129; x_wconf 80' lang='lat' dir='ltr'><strong>MS.</strong></span> <span class='ocrx_word' id='word_1_328' title='bbox 917 4083 945 4129; x_wconf 85' lang='grc' dir='ltr'><strong>Η</strong></span> <span class='ocrx_word' id='word_1_329' title='bbox 954 4098 960 4129; x_wconf 88' lang='lat'><strong>:</strong></span> <span class='ocrx_word' id='word_1_330' title='bbox 977 4080 1075 4143; x_wconf 74' lang='lat' dir='ltr'><strong>ciluiis</strong></span> <span class='ocrx_word' id='word_1_331' title='bbox 1086 4084 1124 4129; x_wconf 76' lang='lat' dir='ltr'><strong>F:</strong></span> <span class='ocrx_word' id='word_1_332' title='bbox 1141 4079 1227 4128; x_wconf 89' lang='lat' dir='ltr'><strong>ooniis</strong></span> <span class='ocrx_word' id='word_1_333' title='bbox 1238 4081 1261 4126; x_wconf 71' lang='lat' dir='ltr'><em>F</em></span> <span class='ocrx_word' id='word_1_334' title='bbox 1271 4083 1366 4137; x_wconf 71' lang='lat' dir='ltr'><strong>some..</strong></span> <span class='ocrx_word' id='word_1_335' title='bbox 1380 4082 1409 4136; x_wconf 80' lang='lat' dir='ltr'><strong>cs.</strong></span> <span class='ocrx_word' id='word_1_336' title='bbox 1422 4083 1499 4128; x_wconf 71' lang='lat' dir='ltr'><strong>Placet.</strong></span> <span class='ocrx_word' id='word_1_337' title='bbox 1514 4083 1581 4128; x_wconf 76' lang='lat' dir='ltr'><strong>Tmo.</strong></span> <span class='ocrx_word' id='word_1_338' title='bbox 1593 4082 1650 4142; x_wconf 83' lang='lat'>691.</span> 
     </span>
     <span class='ocr_line' id='line_1_36' title="bbox 449 4144 1653 4210; baseline -0.003 -13"><span class='ocrx_word' id='word_1_339' title='bbox 449 4163 490 4210; x_wconf 75' lang='lat' dir='ltr'><strong>ay.</strong></span> <span class='ocrx_word' id='word_1_340' title='bbox 502 4147 760 4198; x_wconf 88' lang='lat' dir='ltr'><strong>reuerendissimum</strong></span> <span class='ocrx_word' id='word_1_341' title='bbox 769 4147 801 4195; x_wconf 91' lang='lat' dir='ltr'><strong>D.</strong></span> <span class='ocrx_word' id='word_1_342' title='bbox 811 4149 876 4194; x_wconf 62' lang='lat' dir='ltr'><strong>lisa</strong></span> <span class='ocrx_word' id='word_1_343' title='bbox 892 4146 1043 4208; x_wconf 87' lang='lat' dir='ltr'><strong>principem</strong></span> <span class='ocrx_word' id='word_1_344' title='bbox 1050 4149 1083 4195; x_wconf 86' lang='lat' dir='ltr'><strong>H.</strong></span> <span class='ocrx_word' id='word_1_345' title='bbox 1158 4145 1197 4192; x_wconf 80' lang='lat'><strong>28.</strong></span> <span class='ocrx_word' id='word_1_346' title='bbox 1210 4145 1286 4192; x_wconf 90' lang='lat' dir='ltr'><strong>omni</strong></span> <span class='ocrx_word' id='word_1_347' title='bbox 1295 4149 1350 4192; x_wconf 73' lang='lat' dir='ltr'><strong>edd.</strong></span> <span class='ocrx_word' id='word_1_348' title='bbox 1362 4148 1389 4191; x_wconf 80' lang='lat' dir='ltr'><strong>F.</strong></span> <span class='ocrx_word' id='word_1_349' title='bbox 1459 4159 1498 4205; x_wconf 80' lang='lat'><strong>29.</strong></span> <span class='ocrx_word' id='word_1_350' title='bbox 1512 4144 1653 4193; x_wconf 79' lang='lat' dir='ltr'><strong>Alcander</strong></span> 
     </span>
     <span class='ocr_line' id='line_1_37' title="bbox 448 4210 1647 4276; baseline -0.003 -12"><span class='ocrx_word' id='word_1_351' title='bbox 448 4218 479 4264; x_wconf 87' lang='lat' dir='ltr'><strong>D.</strong></span> <span class='ocrx_word' id='word_1_352' title='bbox 567 4229 607 4276; x_wconf 86' lang='grc' dir='ltr'><strong>3ο.</strong></span> <span class='ocrx_word' id='word_1_353' title='bbox 628 4213 677 4263; x_wconf 87' lang='lat' dir='ltr'><strong>bec</strong></span> <span class='ocrx_word' id='word_1_354' title='bbox 688 4217 739 4262; x_wconf 75' lang='grc'><strong>118.</strong></span> <span class='ocrx_word' id='word_1_355' title='bbox 750 4229 756 4259; x_wconf 89' lang='lat'>:</span> <span class='ocrx_word' id='word_1_356' title='bbox 774 4226 819 4259; x_wconf 83' lang='lat' dir='ltr'><strong>om.</strong></span> <span class='ocrx_word' id='word_1_357' title='bbox 833 4216 873 4259; x_wconf 86' lang='lat' dir='ltr'><strong>D:</strong></span> <span class='ocrx_word' id='word_1_358' title='bbox 889 4211 975 4273; x_wconf 87' lang='lat' dir='ltr'><strong>ipsius</strong></span> <span class='ocrx_word' id='word_1_359' title='bbox 986 4214 1013 4259; x_wconf 77' lang='lat' dir='ltr'><strong>F.</strong></span> <span class='ocrx_word' id='word_1_360' title='bbox 1101 4224 1141 4271; x_wconf 89' lang='grc'><strong>31.</strong></span> <span class='ocrx_word' id='word_1_361' title='bbox 1158 4210 1279 4271; x_wconf 84' lang='lat' dir='ltr'><strong>generosi</strong></span> <span class='ocrx_word' id='word_1_362' title='bbox 1291 4213 1321 4259; x_wconf 90' lang='lat' dir='ltr'><strong>D.</strong></span> <span class='ocrx_word' id='word_1_363' title='bbox 1422 4224 1462 4270; x_wconf 83' lang='lat'><strong>33.</strong></span> <span class='ocrx_word' id='word_1_364' title='bbox 1480 4224 1533 4258; x_wconf 85' lang='lat' dir='ltr'><strong>vno</strong></span> <span class='ocrx_word' id='word_1_365' title='bbox 1545 4214 1603 4259; x_wconf 79' lang='lat' dir='ltr'><strong>odd.</strong></span> <span class='ocrx_word' id='word_1_366' title='bbox 1615 4215 1647 4260; x_wconf 84' lang='lat' dir='ltr'><strong>H.</strong></span> 
     </span>
     <span class='ocr_line' id='line_1_38' title="bbox 449 4274 1434 4343; baseline -0.008 -13"><span class='ocrx_word' id='word_1_367' title='bbox 449 4295 489 4343; x_wconf 80' lang='grc'><strong>34.</strong></span> <span class='ocrx_word' id='word_1_368' title='bbox 508 4285 549 4330; x_wconf 87' lang='lat' dir='ltr'><strong>D:</strong></span> <span class='ocrx_word' id='word_1_369' title='bbox 565 4283 614 4329; x_wconf 90' lang='lat' dir='ltr'><strong>aut</strong></span> <span class='ocrx_word' id='word_1_370' title='bbox 626 4280 655 4327; x_wconf 89' lang='lat' dir='ltr'><strong>in</strong></span> <span class='ocrx_word' id='word_1_371' title='bbox 668 4279 699 4326; x_wconf 92' lang='lat' dir='ltr'><strong>in</strong></span> <span class='ocrx_word' id='word_1_372' title='bbox 711 4277 884 4326; x_wconf 87' lang='lat' dir='ltr'><strong>Britanniam</strong></span> <span class='ocrx_word' id='word_1_373' title='bbox 896 4281 947 4325; x_wconf 79' lang='grc'><strong>118.</strong></span> <span class='ocrx_word' id='word_1_374' title='bbox 1048 4291 1087 4336; x_wconf 84' lang='lat'><strong>41.</strong></span> <span class='ocrx_word' id='word_1_375' title='bbox 1108 4275 1226 4336; x_wconf 88' lang='lat' dir='ltr'><strong>maligno</strong></span> <span class='ocrx_word' id='word_1_376' title='bbox 1238 4279 1305 4324; x_wconf 78' lang='lat' dir='ltr'><strong>sss:</strong></span> <span class='ocrx_word' id='word_1_377' title='bbox 1323 4274 1393 4323; x_wconf 87' lang='lat' dir='ltr'><strong>male</strong></span> <span class='ocrx_word' id='word_1_378' title='bbox 1405 4278 1434 4323; x_wconf 89' lang='lat' dir='ltr'><strong>D.</strong></span> 
     </span>
    </p>
   </div>
   <div class='ocr_carea' id='block_1_4' title="bbox 448 4374 1647 4725">
    <p class='ocr_par' dir='ltr' id='par_1_11' title="bbox 448 4374 1647 4725">
     <span class='ocr_line' id='line_1_39' title="bbox 484 4374 1556 4528; baseline -0.011 -70"><span class='ocrx_word' id='word_1_379' title='bbox 484 4422 531 4521; x_wconf 38' lang='grc'><strong>131..</strong></span> <span class='ocrx_word' id='word_1_380' title='bbox 541 4407 650 4520; x_wconf 55' lang='lat' dir='ltr'><strong>montpp¹</strong></span> <span class='ocrx_word' id='word_1_381' title='bbox 660 4374 785 4517; x_wconf 50' lang='lat' dir='ltr'><strong>perips‘si]</strong></span> <span class='ocrx_word' id='word_1_382' title='bbox 802 4401 859 4516; x_wconf 51' lang='lat' dir='ltr'><strong>mide</strong></span> <span class='ocrx_word' id='word_1_383' title='bbox 877 4400 1022 4526; x_wconf 52' lang='lat' dir='ltr'><strong>prpttraEdi</strong></span> <span class='ocrx_word' id='word_1_384' title='bbox 1074 4415 1140 4463; x_wconf 91' lang='lat' dir='ltr'><strong>opus</strong></span> <span class='ocrx_word' id='word_1_385' title='bbox 1151 4398 1428 4528; x_wconf 44' lang='lat' dir='ltr'><strong>ifflffissfcldgfd</strong></span> <span class='ocrx_word' id='word_1_386' title='bbox 1441 4401 1471 4448; x_wconf 89' lang='lat' dir='ltr'><strong>in</strong></span> <span class='ocrx_word' id='word_1_387' title='bbox 1487 4414 1556 4513; x_wconf 51' lang='grc'><strong>15331.</strong></span> 
     </span>
     <span class='ocr_line' id='line_1_40' title="bbox 448 4473 1563 4601; baseline -0.011 -13"><span class='ocrx_word' id='word_1_388' title='bbox 448 4473 1023 4601; x_wconf 46' lang='lat' dir='ltr'><strong>deodldffoodumfflb&#39;oihldotddrededrinild:</strong></span> <span class='ocrx_word' id='word_1_389' title='bbox 1106 4482 1148 4592; x_wconf 56' lang='lat' dir='ltr'><strong>gd,</strong></span> <span class='ocrx_word' id='word_1_390' title='bbox 1164 4529 1291 4593; x_wconf 87' lang='lat' dir='ltr'><strong>epistola]</strong></span> <span class='ocrx_word' id='word_1_391' title='bbox 1305 4479 1426 4591; x_wconf 38' lang='lat' dir='ltr'><strong>Eps74d:</strong></span> <span class='ocrx_word' id='word_1_392' title='bbox 1440 4480 1524 4527; x_wconf 60' lang='lat' dir='ltr'><strong>ms</strong></span> <span class='ocrx_word' id='word_1_393' title='bbox 1557 4499 1563 4512; x_wconf 43' lang='lat'>⁸</span> 
     </span>
     <span class='ocr_line' id='line_1_41' title="bbox 448 4593 1647 4660; baseline -0.008 -7"><span class='ocrx_word' id='word_1_394' title='bbox 448 4618 528 4653; x_wconf 84' lang='lat' dir='ltr'><strong>cenos</strong></span> <span class='ocrx_word' id='word_1_395' title='bbox 539 4598 1023 4660; x_wconf 69' lang='grc' dir='ltr'><strong>0111111111υέ1111111.Αάαρ.4ωο;</strong></span> <span class='ocrx_word' id='word_1_396' title='bbox 1105 4599 1144 4657; x_wconf 84' lang='lat'><strong>36.</strong></span> <span class='ocrx_word' id='word_1_397' title='bbox 1161 4596 1233 4658; x_wconf 87' lang='lat' dir='ltr'><strong>apud</strong></span> <span class='ocrx_word' id='word_1_398' title='bbox 1250 4593 1377 4658; x_wconf 84' lang='lat' dir='ltr'><strong>Scythas]</strong></span> <span class='ocrx_word' id='word_1_399' title='bbox 1395 4593 1434 4644; x_wconf 82' lang='lat' dir='ltr'><strong>Gi.</strong></span> <span class='ocrx_word' id='word_1_400' title='bbox 1452 4594 1515 4644; x_wconf 81' lang='lat' dir='ltr'><strong>Luc.</strong></span> <span class='ocrx_word' id='word_1_401' title='bbox 1532 4599 1584 4645; x_wconf 73' lang='lat' dir='ltr'><strong>Tea.</strong></span> <span class='ocrx_word' id='word_1_402' title='bbox 1598 4609 1647 4656; x_wconf 67' lang='lat'><strong>375</strong></span> 
     </span>
     <span class='ocr_line' id='line_1_42' title="bbox 450 4663 1303 4725; baseline -0.009 -6"><span class='ocrx_word' id='word_1_403' title='bbox 450 4670 499 4719; x_wconf 84' lang='lat' dir='ltr'><strong>‘In</strong></span> <span class='ocrx_word' id='word_1_404' title='bbox 509 4670 683 4718; x_wconf 83' lang='lat' dir='ltr'><strong>subterraneo</strong></span> <span class='ocrx_word' id='word_1_405' title='bbox 698 4665 837 4716; x_wconf 87' lang='lat' dir='ltr'><strong>domicilio</strong></span> <span class='ocrx_word' id='word_1_406' title='bbox 850 4666 921 4725; x_wconf 93' lang='lat' dir='ltr'><strong>quod</strong></span> <span class='ocrx_word' id='word_1_407' title='bbox 934 4666 1022 4712; x_wconf 85' lang='lat' dir='ltr'><strong>osten·</strong></span> <span class='ocrx_word' id='word_1_408' title='bbox 1071 4663 1128 4712; x_wconf 90' lang='lat' dir='ltr'><strong>also</strong></span> <span class='ocrx_word' id='word_1_409' title='bbox 1138 4666 1218 4721; x_wconf 71' lang='lat' dir='ltr'><strong>saep.</strong></span> <span class='ocrx_word' id='word_1_410' title='bbox 1230 4675 1303 4722; x_wconf 78' lang='lat'><strong>2537·</strong></span> 
     </span>
    </p>
   </div>
   <div class='ocr_carea' id='block_1_5' title="bbox 447 4725 1645 4862">
    <p class='ocr_par' dir='ltr' id='par_1_12' title="bbox 447 4725 1645 4862">
     <span class='ocr_line' id='line_1_43' title="bbox 447 4725 1415 4792; baseline -0.009 -9"><span class='ocrx_word' id='word_1_411' title='bbox 447 4734 525 4784; x_wconf 86' lang='lat' dir='ltr'><strong>ditur</strong></span> <span class='ocrx_word' id='word_1_412' title='bbox 534 4734 612 4783; x_wconf 86' lang='lat' dir='ltr'><strong>iuxta</strong></span> <span class='ocrx_word' id='word_1_413' title='bbox 621 4735 720 4784; x_wconf 81' lang='lat' dir='ltr'><strong>Cumas</strong></span> <span class='ocrx_word' id='word_1_414' title='bbox 729 4730 917 4791; x_wconf 85' lang='lat' dir='ltr'><strong>ltaliae,quod</strong></span> <span class='ocrx_word' id='word_1_415' title='bbox 925 4730 1023 4792; x_wconf 79' lang='lat' dir='ltr'><strong>vulgus</strong></span> <span class='ocrx_word' id='word_1_416' title='bbox 1103 4741 1142 4789; x_wconf 76' lang='lat'><strong>37.</strong></span> <span class='ocrx_word' id='word_1_417' title='bbox 1161 4725 1294 4791; x_wconf 82' lang='lat' dir='ltr'><strong>Hesiodo]</strong></span> <span class='ocrx_word' id='word_1_418' title='bbox 1306 4730 1346 4786; x_wconf 88' lang='lat' dir='ltr'><strong>op.</strong></span> <span class='ocrx_word' id='word_1_419' title='bbox 1360 4740 1415 4786; x_wconf 81' lang='lat'><strong>713.</strong></span> 
     </span>
     <span class='ocr_line' id='line_1_44' title="bbox 449 4789 1645 4862; baseline -0.009 -13"><span class='ocrx_word' id='word_1_420' title='bbox 449 4801 528 4862; x_wconf 83' lang='lat' dir='ltr'><strong>lingit</strong></span> <span class='ocrx_word' id='word_1_421' title='bbox 550 4800 634 4849; x_wconf 83' lang='lat' dir='ltr'><strong>fuisse</strong></span> <span class='ocrx_word' id='word_1_422' title='bbox 651 4802 763 4848; x_wconf 86' lang='lat' dir='ltr'><strong>antrum</strong></span> <span class='ocrx_word' id='word_1_423' title='bbox 785 4795 913 4856; x_wconf 84' lang='lat' dir='ltr'><strong>Sibyllae.</strong></span> <span class='ocrx_word' id='word_1_424' title='bbox 936 4809 1021 4856; x_wconf 86' lang='lat' dir='ltr'><strong>quum</strong></span> <span class='ocrx_word' id='word_1_425' title='bbox 1103 4808 1143 4853; x_wconf 82' lang='grc'><strong>41.</strong></span> <span class='ocrx_word' id='word_1_426' title='bbox 1163 4792 1233 4856; x_wconf 89' lang='lat' dir='ltr'><strong>sero]</strong></span> <span class='ocrx_word' id='word_1_427' title='bbox 1252 4793 1309 4841; x_wconf 78' lang='lat' dir='ltr'><strong>&#39;l&#39;he</strong></span> <span class='ocrx_word' id='word_1_428' title='bbox 1327 4792 1458 4841; x_wconf 88' lang='lat' dir='ltr'><strong>omission</strong></span> <span class='ocrx_word' id='word_1_429' title='bbox 1484 4791 1513 4838; x_wconf 91' lang='lat' dir='ltr'><strong>in</strong></span> <span class='ocrx_word' id='word_1_430' title='bbox 1538 4789 1576 4839; x_wconf 88' lang='lat' dir='ltr'><strong>all</strong></span> <span class='ocrx_word' id='word_1_431' title='bbox 1598 4790 1645 4838; x_wconf 87' lang='lat' dir='ltr'><strong>the</strong></span> 
     </span>
    </p>
   </div>
   <div class='ocr_carea' id='block_1_6' title="bbox 446 4855 1647 5052">
    <p class='ocr_par' dir='ltr' id='par_1_13' title="bbox 446 4855 1647 5052">
     <span class='ocr_line' id='line_1_45' title="bbox 447 4855 1647 4924; baseline -0.009 -9"><span class='ocrx_word' id='word_1_432' title='bbox 447 4865 596 4915; x_wconf 82' lang='lat' dir='ltr'><strong>verisimile</strong></span> <span class='ocrx_word' id='word_1_433' title='bbox 616 4866 652 4913; x_wconf 85' lang='lat' dir='ltr'><strong>sit</strong></span> <span class='ocrx_word' id='word_1_434' title='bbox 669 4864 753 4912; x_wconf 82' lang='lat' dir='ltr'><strong>fuisse</strong></span> <span class='ocrx_word' id='word_1_435' title='bbox 770 4862 928 4924; x_wconf 85' lang='lat' dir='ltr'><strong>speluncam</strong></span> <span class='ocrx_word' id='word_1_436' title='bbox 948 4874 1022 4922; x_wconf 84' lang='lat' dir='ltr'><strong>prae·</strong></span> <span class='ocrx_word' id='word_1_437' title='bbox 1071 4860 1181 4922; x_wconf 86' lang='lat' dir='ltr'><strong>printed</strong></span> <span class='ocrx_word' id='word_1_438' title='bbox 1203 4856 1320 4907; x_wconf 88' lang='lat' dir='ltr'><strong>editions</strong></span> <span class='ocrx_word' id='word_1_439' title='bbox 1338 4856 1432 4906; x_wconf 85' lang='lat' dir='ltr'><strong>citha</strong></span> <span class='ocrx_word' id='word_1_440' title='bbox 1453 4855 1516 4916; x_wconf 79' lang='lat' dir='ltr'><strong>long</strong></span> <span class='ocrx_word' id='word_1_441' title='bbox 1537 4870 1647 4917; x_wconf 83' lang='lat' dir='ltr'><strong>passage</strong></span> 
     </span>
     <span class='ocr_line' id='line_1_46' title="bbox 447 4920 1647 4993; baseline -0.008 -13"><span class='ocrx_word' id='word_1_442' title='bbox 447 4925 1023 4993; x_wconf 80' lang='lat' dir='ltr'><strong>donumaopiratarum,visunturparietes</strong></span> <span class='ocrx_word' id='word_1_443' title='bbox 1070 4924 1163 4973; x_wconf 81' lang='lat' dir='ltr'><strong>which</strong></span> <span class='ocrx_word' id='word_1_444' title='bbox 1198 4924 1303 4972; x_wconf 77' lang='lat' dir='ltr'><strong>follows</strong></span> <span class='ocrx_word' id='word_1_445' title='bbox 1339 4937 1395 4971; x_wconf 85' lang='lat' dir='ltr'><strong>was</strong></span> <span class='ocrx_word' id='word_1_446' title='bbox 1427 4920 1558 4984; x_wconf 86' lang='lat' dir='ltr'><strong>probably</strong></span> <span class='ocrx_word' id='word_1_447' title='bbox 1591 4922 1647 4970; x_wconf 92' lang='lat' dir='ltr'><strong>due</strong></span> 
     </span>
     <span class='ocr_line' id='line_1_47' title="bbox 446 4986 1555 5052; baseline -0.009 -7"><span class='ocrx_word' id='word_1_448' title='bbox 446 4997 524 5047; x_wconf 85' lang='lat' dir='ltr'><strong>vario</strong></span> <span class='ocrx_word' id='word_1_449' title='bbox 542 4997 704 5045; x_wconf 82' lang='lat' dir='ltr'><strong>concharum</strong></span> <span class='ocrx_word' id='word_1_450' title='bbox 724 4997 852 5044; x_wconf 76' lang='lat' dir='ltr'><strong>contextu</strong></span> <span class='ocrx_word' id='word_1_451' title='bbox 870 4992 1022 5041; x_wconf 88' lang='lat' dir='ltr'><strong>musaicum</strong></span> <span class='ocrx_word' id='word_1_452' title='bbox 1071 4990 1173 5052; x_wconf 86' lang='lat' dir='ltr'><strong>merely</strong></span> <span class='ocrx_word' id='word_1_453' title='bbox 1189 4993 1217 5038; x_wconf 89' lang='lat' dir='ltr'><strong>to</strong></span> <span class='ocrx_word' id='word_1_454' title='bbox 1234 4988 1384 5049; x_wconf 87' lang='lat' dir='ltr'><strong>similarity</strong></span> <span class='ocrx_word' id='word_1_455' title='bbox 1401 4987 1432 5037; x_wconf 87' lang='lat' dir='ltr'><strong>oi</strong></span> <span class='ocrx_word' id='word_1_456' title='bbox 1444 4986 1555 5049; x_wconf 87' lang='lat' dir='ltr'><strong>ending.</strong></span> 
     </span>
    </p>
   </div>
   <div class='ocr_carea' id='block_1_7' title="bbox 0 0 1938 6034">
    <p class='ocr_par' dir='ltr' id='par_1_14' title="bbox 0 0 1938 6034">
     <span class='ocr_line' id='line_1_48' title="bbox 0 0 1938 6034; baseline 0 4"><span class='ocrx_word' id='word_1_457' title='bbox 0 0 1938 6034; x_wconf 95' lang='lat' dir='ltr'><strong> </strong></span> 
     </span>
    </p>
   </div>
  </div>
 </body>
</html>
