3867 6034
468 719 529 781 196
816 721 1006 783 LETTERS
1032 721 1086 783 OF
1114 720 1314 783 mmsuus
1368 813 1371 818 ξ
1567 718 1665 805 [1518

507 874 567 935 Sed
597 875 724 953 longius
750 876 907 952 prouehor
933 876 969 937 in
995 875 1127 953 epistole
1154 896 1249 953 quem
1271 897 1327 956 per
1347 882 1405 941 est.
1448 878 1536 941 Bene
1562 880 1665 942 valeat

420 997 451 1046 35
466 973 725 1035 reuerendissims
739 974 774 1034 Τ.
785 974 833 1048 Ρ.,
849 974 899 1035 cui
912 994 964 1035 me
979 994 1109 1053 meaque
1122 976 1229 1037 studia
1242 977 1351 1039 dedico
1369 978 1483 1039 omnis.

506 1069 641 1131 Louenii
655 1073 765 1148 quarto
778 1070 856 1132 Idus
870 1071 1043 1133 Ianuarius.
1088 1092 1140 1135 su.
1156 1093 1321 1136 u.1>.xv111.

726 1355 841 1420 7’Ὶ759.
884 1354 934 1420 To
956 1354 1104 1419 Grseru
1125 1353 1399 1421 Gruumeflrurs

501 1519 644 1575 Deventer
657 1515 715 1573 MS.
728 1532 771 1588 91,
784 1516 804 1573 f.
817 1517 860 1584 78.
1407 1518 1542 1575 Louvcin.

501 1605 533 1660 D.
545 1623 572 1675 p.
582 1619 651 1662 210:
672 1602 701 1659 F.
715 1622 743 1675 p.
757 1605 807 1661 168
816 1622 823 1659 :
843 1601 915 1659 HN:
935 1603 1022 1661 Lond.
1034 1601 1076 1657 iii.
1087 1618 1138 1669 42:
1159 1602 1214 1658 LB.
1225 1618 1284 1673 292.
1323 1602 1339 1676 <
1345 1620 1377 1660 10
1388 1604 1517 1677 quuury
1532 1622 1543 1663 ι
1548 1606 1626 1681 518.)

802 1773 957 1822 EBASMVS
979 1773 1142 1822 Nuouseo
1164 1772 1227 1822 SVO
1248 1773 1274 1820 S.
1292 1774 1325 1821 D.

504 1922 585 1996 Euo,
593 1920 774 1983 doctissime
787 1920 931 1992 diemde,
941 1939 1015 1980 cum
1029 1919 1222 1996 praeclarum
1236 1939 1358 1998 semper
1371 1922 1618 1985 existimauerim
1631 1930 1665 1986 et

465 2018 500 2079 in
513 2018 625 2096 primis
639 2018 812 2096 optandum
826 2016 1038 2078 summatibus
1056 2016 1208 2094 placuisse
1223 2015 1311 2092 viris,
1325 2019 1432 2080 temen
1452 2040 1470 2080 a
1486 2020 1576 2082 nullo
1594 2042 1665 2101 pro·

464 2116 532 2178 buri
549 2116 661 2177 malim
678 2135 773 2194 quum
790 2115 939 2193 Philippo
957 2114 1111 2190 Pressuli,
1126 2134 1200 2176 cum
1217 2133 1288 2177 mco
1307 2119 1377 2177 tum
1394 2119 1542 2180 omnibus
1560 2120 1666 2183 modis

463 2213 623 2292 primm-ic.
674 2213 806 2292 Scripsit
826 2214 866 2275 ed
886 2233 944 2275 nos
963 2216 1038 2275 ente
1059 2231 1183 2273 menses
1203 2212 1380 2289 complures
1400 2216 1665 2297 Archiepieccpus

437 2327 451 2376 ⁵
466 2310 717 2387 maguntinensis
736 2311 857 2372 litteras
873 2310 974 2371 multo
992 2309 1246 2382 humanissimus,
1261 2312 1354 2387 etque
1374 2311 1451 2372 adeo
1471 2312 1572 2392 ipsius
1591 2315 1664 2377 erti-

465 2409 553 2470 culis.
597 2409 729 2487 Scripsit
743 2429 844 2486 nuper
857 2410 1031 2486 Episcopus
1044 2406 1233 2482 Leodiensis,
1248 2406 1404 2469 minitans
1417 2429 1452 2471 se
1464 2412 1527 2473 huc
1541 2411 1665 2475 aduole-

465 2510 582 2580 turum,
598 2508 626 2567 si
644 2526 755 2585 muer
769 2507 809 2568 ed
829 2527 862 2568 se
879 2506 996 2567 venire.
1041 2504 1102 2567 Sed
1120 2517 1156 2565 vt
1175 2504 1234 2565 hec
1251 2505 1332 2566 mihi
1346 2508 1503 2586 voluptati
1517 2514 1603 2586 sunt,
1618 2511 1664 2572 ita

465 2623 575 2665 rursus
588 2604 668 2665 mihi
682 2605 831 2682 displiceo
844 2621 1025 2681 pennasque
1040 2601 1181 2676 demitte,
1198 2601 1318 2679 quoties
1331 2607 1485 2666 succurrit
1499 2607 1580 2668 nihil
1596 2628 1664 2670 esse

466 2702 501 2762 in
514 2721 566 2762 me
579 2702 663 2778 quod
676 2704 837 2762 tentorum
847 2702 980 2761 heroum
993 2700 1199 2776 expectationi
1213 2701 1406 2778 respondeat.

423 2816 454 2852 ιο
506 2800 568 2861 Sed
581 2800 661 2860 heus
675 2802 720 2875 tu,
732 2819 799 2859 rem
813 2799 926 2876 oppido
939 2817 1056 2859 nouam
1069 2817 1110 2857 ex
1123 2797 1187 2858 tuis
1200 2797 1302 2859 literis
1309 2799 1434 2877 accipio.
1479 2802 1664 2866 Nesciebcm

465 2901 497 2958 te
507 2901 574 2958 tem
584 2898 724 2975 virgineo
732 2898 850 2975 pudore
860 2896 1020 2975 preditum
1030 2897 1065 2956 vt
1077 2895 1115 2955 cd
1126 2915 1178 2955 me
1188 2915 1253 2956 non
1263 2897 1348 2958 cusis
1358 2899 1503 2960 scribere.
1529 2902 1665 2980 Sepenu·

466 3015 552 3057 mero
572 2995 640 3056 vidi
660 2998 692 3055 te
711 2995 885 3070 rubentem,
901 3012 1012 3055 verum
1026 2993 1149 3054 ruboris
1164 3012 1290 3054 causum
1306 3014 1372 3055 non
1391 2998 1480 3075 quiui
1500 3000 1660 3061 coniicere.

466 3094 556 3170 Quod
569 3094 597 3154 si
610 3112 729 3168 verum,
741 3113 812 3154 mee
825 3092 982 3154 sententia
996 3110 1054 3151 nec
1066 3089 1138 3153 culs
1151 3090 1267 3169 dignus
1279 3111 1313 3153 es
1326 3114 1384 3154 nec
1394 3096 1523 3158 cuculle.
1562 3098 1663 3173 Quare

466 3193 493 3253 si
508 3212 575 3253 rem
588 3193 689 3253 facere
702 3192 828 3269 cogites,
840 3191 887 3251 fec
901 3210 995 3268 quam
1009 3190 1147 3268 primum
1163 3190 1298 3250 fruntem
1310 3192 1458 3269 perfrices
1471 3197 1504 3255 et
1516 3193 1663 3258 inutilem

423 3308 451 3361 ¹5
465 3289 615 3368 pudorem
629 3288 797 3368 absterges

506 3387 548 3449 In
568 3407 660 3465 opem
679 3388 763 3449 Noui
783 3387 978 3450 Testamenti
995 3385 1059 3447 ium
1077 3406 1113 3446 eo
1132 3404 1313 3463 progressus
1329 3407 1400 3448 sum
1414 3392 1458 3464 vt,
1475 3390 1548 3451 lieet
1562 3392 1663 3454 adhuc

464 3486 561 3547 icctcr
589 3485 662 3558 ulto,
685 3488 792 3547 temen
820 3490 931 3565 portus
959 3483 1068 3561 procul
1097 3502 1164 3545 sese
1185 3487 1330 3557 ostentet,
1353 3486 1499 3548 velutad
1523 3488 1663 3565 quietem

465 3583 616 3645 inuitans.
666 3583 760 3645 Mitto
788 3584 935 3645 libellum
963 3583 1201 3661 Percphrasecs.
1254 3581 1289 3642 Si
1317 3582 1397 3645 forte
1427 3605 1492 3645 non
1521 3586 1599 3647 dum
1619 3607 1664 3649 cc-

464 3682 584 3760 cepisti,
609 3700 683 3742 eum
706 3682 816 3743 amicis
839 3681 971 3743 eruditis
994 3680 1155 3759 imperties
1187 3681 1227 3755 et,
1250 3679 1279 3739 ei
1303 3682 1502 3743 commodum
1525 3685 1661 3761 videtur,

422 3800 453 3836 πο
466 3780 564 3842 etiam
576 3780 637 3856 ipsi
648 3780 798 3858 Principi‚
811 3800 883 3841 cum
896 3780 1009 3858 primis
1022 3781 1128 3840 eutem
1143 3777 1261 3855 optimo
1274 3778 1424 3857 Philippo
1438 3779 1567 3857 Montio,
1578 3783 1659 3856 sule,

465 3880 503 3939 vt
519 3877 638 3953 scribis,
654 3879 866 3954 procuratori:
888 3897 982 3956 quem
999 3875 1144 3955 equidem
1159 3893 1222 3935 non
1237 3895 1365 3951 possum
1378 3895 1443 3937 non
1460 3879 1663 3942 vehementer

468 3975 629 4036 redemere
643 3994 699 4036 suo
714 3976 820 4036 studio
832 3996 885 4036 me
897 3977 1128 4055 prouocantem
1171 3972 1211 4032 Ei
1224 3972 1272 4033 fac
1287 3973 1422 4035 multam
1435 3976 1570 4037 sulutem
1582 3978 1664 4041 meis

466 4071 572 4134 verbis
599 4074 779 4135 annuncies
824 4074 944 4135 Neuius
965 4093 1002 4133 ec
1021 4070 1169 4133 Boreulus
1188 4074 1220 4132 te
1240 4070 1423 4133 resalutant.
1467 4072 1554 4134 Bene
1581 4076 1661 4151 vele,

466 4171 625 4249 Necmcge
638 4170 866 4232 candidissime.
910 4169 1054 4232 Loucnii.
1069 4164 1117 4250 [u.
1129 4188 1159 4228 n.
1176 4163 1273 4248 xm}

498 4342 555 4391 758.
573 4356 613 4404 35.
630 4339 855 4390 reuerendiesims
867 4339 895 4390 T.
909 4340 938 4390 P.
951 4346 1021 4390 Ma:
1042 4343 1090 4390 tua
1104 4337 1255 4388 reuerendu
1268 4339 1423 4389 sublimitas
1434 4344 1466 4390 H.
1568 4343 1663 4393 dedico

466 4409 558 4457 omnic
569 4411 591 4455 D
602 4424 608 4455 ι
624 4406 723 4455 dedeco
735 4410 788 4455 DS.
874 4408 916 4468 3⁶·
933 4420 977 4456 nc.
990 4419 1119 4456 imvm
1128 4409 1184 4454 add.
1197 4406 1227 4453 D.
1323 4406 1380 4455 759.
1396 4420 1445 4456 rrr.
1459 4420 1582 4458 rrcuec
1592 4413 1645 4461 us.
1657 4428 1663 4458 :

465 4488 589 4523 cnunc
600 4486 753 4521 rcvrcneo
764 4475 793 4522 D.
917 4487 938 4521 1.
956 4472 1138 4521 existimarim
1150 4474 1180 4519 D.
1302 4486 1326 4521 c.
1344 4486 1361 4521 c
1371 4471 1449 4521 uulio
1460 4476 1512 4521 DS.
1525 4489 1531 4521 :
1547 4474 1620 4523 nulli
1631 4480 1660 4525 D.

465 4554 489 4602 5.
507 4537 724 4601 moguntinensis
734 4541 762 4587 F.
874 4552 896 4598 7.
914 4538 1009 4586 venirs
1020 4542 1050 4597 D,
1062 4540 1091 4597 cs.
1104 4541 1148 4595 Ep.
1163 4540 1219 4598 74⁶·
1231 4553 1308 4602 9,rc:
1325 4535 1413 4586 redire
1424 4541 1477 4588 MS.
1578 4540 1602 4589 8.
1622 4545 1644 4589 D
1657 4559 1664 4589 :

464 4604 588 4667 displicic
599 4607 652 4653 DS.
701 4607 738 4651 D:
750 4604 925 4652 accercitus,
997 4618 1034 4663 xp
1053 4616 1148 4652 verum
1159 4608 1228 4653 MS.:
1244 4619 1308 4654 vers
1320 4603 1457 4665 praedices
1467 4608 1496 4655 D.
1567 4619 1607 4667 17.
1624 4612 1646 4656 D
1658 4625 1664 4654 ι

465 4672 584 4718 munuc
595 4673 648 4718 DS.
715 4668 835 4730 quietem
847 4672 875 4716 ΙΙ
885 4685 891 4717 :
906 4682 965 4719 sese
976 4673 1029 4717 DS.
1126 4684 1166 4728 ²4·
1185 4668 1318 4731 Neemcge
1329 4673 1381 4719 MS.
1394 4687 1399 4717 :
1416 4667 1579 4733 Nouiomcge
1590 4674 1664 4722 ΒΜ.

465 4748 580 4783 murm
590 4738 648 4782 cdd.
660 4737 695 4782 Η.

499 4918 556 4967 759.
575 4933 599 4981 5.
617 4916 847 4980 Magantineneis]
859 4916 907 4979 Ep.
917 4919 977 4966 ⁶⁶1.
1073 4919 1098 4967 6.
1116 4917 1284 4981 Leodiensis]
1297 4918 1346 4981 Ep.
1360 4921 1415 4978 7⁴⁶·

860 4985 898 5033 18.
917 4982 1125 5048 Pcraphrcsecs]
1136 4984 1177 5035 of.
1189 4983 1238 5048 Ep.
1252 4999 1308 5046 71⁰·
