3867 6034
287 722 364 809 224]
1428 727 1488 788 222

645 813 720 878 774.
764 811 815 875 To
838 811 952 876 Parma
974 810 1126 879 Vernae.

322 941 464 1001 Deventer
473 945 531 1001 Me.
546 961 590 1018 91,
603 947 623 1001 1.
637 962 680 1017 32
1218 946 1363 1015 1212222.

323 1030 377 1087 LB.
390 1032 466 1105 hpp.
478 1036 537 1089 262.
1131 1051 1165 1091 22
1179 1034 1321 1104 February
1334 1032 1366 1105 (1
1372 1029 1451 1105 518).

475 1189 633 1237 maseva
654 1189 763 1238 PETRO
785 1189 948 1238 AMMONIO
971 1190 1035 1238 SVO
1057 1189 1202 1239 avean'SI
1225 1191 1252 1237 S.
1268 1190 1303 1239 1).

328 1308 481 1369 Maroams
496 1309 531 1370 in
543 1312 675 1371 modum
690 1315 721 1370 12
733 1330 808 1388 rogo
821 1314 857 1371 vt
870 1310 944 1370 huic
962 1309 1111 1371 ministro
1130 1330 1200 1371 meo
1217 1310 1322 1371 tradas
1340 1307 1488 1388 quicquid

288 1404 383 1465 habes
389 1406 594 1482 epistolarum
604 1409 768 1469 Ammonii
780 1408 819 1470 ad
833 1428 884 1469 me
898 1412 952 1469 aut
967 1428 1110 1469 mearum
1123 1410 1161 1471 ad
1172 1409 1390 1484 Amonium,
1404 1426 1488 1486 prae·

287 1507 371 1563 terea
381 1504 409 1563 si
422 1524 483 1581 qua
496 1509 572 1565 sunt
583 1502 690 1588 [sunt]
700 1507 889 1584 exemplaria
902 1507 1092 1585 pertinentia
1105 1508 1143 1569 ad
1154 1510 1298 1569 nostrum
1312 1506 1487 1585 negocium.

289 1600 361 1662 Non
381 1602 491 1663 dubito
512 1603 590 1681 quin
605 1604 710 1666 faueas
725 1605 841 1682 gloriae
858 1606 985 1681 cognati
1001 1606 1071 1668 tuiz
1093 1609 1127 1667 at
1143 1626 1200 1685 ego
1216 1606 1295 1667 dabo
1314 1623 1440 1683 operam
1452 1606 1489 1665 21

287 1698 375 1758 illius
392 1700 622 1761 immortalitati
641 1703 813 1763 consulam.
856 1702 995 1763 Proinde
1011 1722 1052 1763 ne
1065 1703 1206 1779 moreris,
1224 1722 1285 1779 oro,
1303 1699 1375 1784 [hac
1388 1699 1516 1778 gratia5

287 1796 426 1857 12221222
450 1795 572 1881 meum]
593 1799 651 1860 hac
672 1801 771 1878 gratia
789 1800 946 1860 famulum
967 1820 1082 1863 meum.
1125 1799 1257 1879 Siquid
1282 1800 1342 1860 erit
1366 1801 1402 1859 in
1426 1817 1489 1878 quo

289 1894 348 1953 tibi
361 1896 481 1971 possim
494 1898 593 1957 122222
606 1891 740 1975 gratum
752 1898 923 1975 comperies
936 1918 996 1959 nos
1008 1899 1067 1960 tibi
1081 1919 1120 1960 ex
1129 1899 1236 1959 animo
1245 1898 1325 1959 bene
1334 1897 1486 1958 volentes.

289 1990 376 2051 Bene
389 1993 467 2053 2212.
510 1995 721 2073 Antwerpiae.
767 1995 864 2058 8021.
880 1997 1016 2057 Martias.

330 2087 411 2149 Oum
431 2091 506 2151 12222
526 2094 728 2171 scripsissem,
745 2094 922 2155 redduntur
942 2095 1024 2154 mihi
1047 2094 1145 2155 simul
1168 2094 1259 2155 binae
1281 2098 1353 2155 tuae
1372 2091 1412 2153 ad
1437 2110 1490 2153 me

289 2185 418 2260 litterae,
445 2210 635 2267 supraquam
663 2191 725 2252 dici
749 2194 849 2271 possit
875 2192 1038 2271 iucundae,
1063 2194 1175 2272 quippe
1202 2192 1282 2253 tales
1309 2195 1346 2252 21
1373 2210 1412 2251 ex
1438 2189 1490 2251 1212
1504 2215 1535 2253 ιο

287 2303 413 2346 summa
426 2287 508 2347 mihi
521 2308 593 2365 spes
605 2290 656 2351 sit

669 2507 742 2570 775.
786 2505 835 2569 Το
856 2504 952 2571 lona
977 2506 1110 2571 Smin.

325 2633 468 2692 Derenter
479 2636 537 2692 118.
551 2655 594 2710 92,
607 2638 627 2693 f.
639 2654 682 2709 30.
1222 2640 1366 2710 hntwerp.

326 2720 381 2778 ΕΒ.
394 2726 467 2795 App.
482 2728 542 2782 261.
1129 2745 1162 2784 22
1177 2728 1320 2799 February
1335 2724 1455 2798 (1518).

638 2881 795 2929 ERASMVS
817 2882 957 2931 ammo
979 2883 1043 2933 SVO
1064 2884 1092 2934 S.
1107 2884 1142 2933 D.

331 3000 526 3062 1122222222
546 3006 579 3063 12
597 3024 672 3081 rogo
691 3008 728 3065 vt
748 3024 838 3066 meus
857 3004 993 3067 Ioannes
1013 3026 1032 3066 2
1053 3006 1150 3066 Petro
1168 3005 1340 3066 Ammonio
1359 3002 1491 3083 accipiat

289 3118 350 3175 que
362 3099 470 3175 velim,
486 3101 580 3179 idque
594 3102 664 3162 sine
678 3121 775 3163 mora
819 3103 903 3164 Nam
922 3103 1018 3163 editio
1035 3103 1119 3163 Noui
1132 3102 1327 3163 Testamenti
1340 3101 1424 3179 cogit
1438 3121 1491 3163 me

289 3216 398 3257 rursus
415 3198 572 3259 Basileam
588 3199 682 3273 adire,
698 3203 753 3261 aut
767 3204 849 3261 certe
861 3200 1020 3261 Venetiae,
1064 3200 1155 3261 Hanc
1174 3199 1384 3261 calamitatem
1398 3199 1490 3273 meis,

289 3297 324 3354 vt
343 3294 440 3366 aiunt
457 3295 617 3373 quadrigis
633 3297 714 3357 mihi
732 3298 900 3373 accersiui3
920 3298 975 3358 sed
992 3299 1076 3378 quod
1094 3297 1279 3359 intriuimus
1294 3297 1490 3358 exedendum

287 3395 345 3450 est.
390 3392 536 3453 Pontifex
555 3414 590 3454 22
608 3394 760 3473 Ρ2122222
776 3416 875 3456 nouas
888 3398 986 3473 agunt
1002 3397 1185 3468 comoediae,
1201 3396 1256 3474 qui
1270 3414 1355 3455 nunc
1368 3393 1490 3454 bellum
1502 3424 1517 3473 5

289 3490 324 3547 12
342 3489 458 3550 Turcas
477 3497 672 3569 praetexunt
688 3514 760 3553 cum
783 3494 885 3554 multo
904 3494 990 3554 aliud
1011 3498 1128 3572 agatur.
1171 3493 1326 3554 Venimus
1347 3492 1386 3553 21
1407 3510 1491 3552 sum·

290 3606 379 3647 mum
392 3591 423 3648 et
437 3590 614 3666 tyrannidis
635 3595 665 3650 21
682 3592 905 3669 impudentiae.
948 3592 1011 3652 Hic
1032 3592 1067 3651 in
1086 3591 1199 3653 mediis
1217 3590 1341 3668 oppidis
1356 3591 1491 3667 grauari

290 3686 373 3745 12222
383 3691 537 3764 ceperant,
549 3690 603 3749 sed
616 3689 817 3766 magistratus
827 3690 954 3752 tandem
965 3691 1138 3768 experrecti
1147 3693 1296 3769 ceperunt
1305 3688 1486 3767 aduigilare.

288 3783 375 3843 Bene
396 3786 475 3859 vale,
497 3786 669 3847 amicorum
690 3787 891 3864 integerrime
910 3808 946 3850 22
969 3776 1173 3867 patronorum
1197 3787 1486 3849 beneficentissima

329 3881 522 3961 Antwerpie.
540 3887 568 3943 8.
585 3885 650 3946 Cal.
665 3885 802 3945 Martiae.
1505 3914 1535 3950 ro

333 3981 419 4042 Haec
444 3983 497 4042 vbi
520 3984 721 4061 scripsissem,
748 3984 922 4045 redduntur
944 3988 1017 4045 tuae
1044 3985 1167 4045 litterae
1193 4004 1249 4063 per
1276 3983 1486 4047 Franciscum.

289 4083 320 4141 A
338 4082 530 4141 Maruffianis
546 4082 711 4158 pecuniam
728 4083 839 4159 accepi.
884 4084 1068 4144 Franciscus
1083 4085 1177 4160 negat
1194 4083 1255 4143 sibi
1272 4081 1368 4144 isthic
1382 4102 1489 4144 nume·

289 4184 388 4240 ratam
413 4180 586 4257 pecuniam,
613 4180 695 4258 quod
718 4181 896 4257 syngrapha
923 4182 1020 4241 122211
1042 4201 1153 4259 parum
1181 4181 1345 4259 legittima
1397 4180 1490 4242 Mitto

433 4346 488 4392 774.
508 4359 532 4405 5.
552 4348 606 4393 LB:
624 4344 775 4394 immortali
786 4349 840 4397 MS.
941 4346 996 4393 775.
1016 4347 1040 4396 8.
1058 4349 1114 4394 LB:
1131 4344 1284 4408 aduigelare
1295 4348 1348 4393 118.

324 4493 380 4541 774.
399 4508 423 4542 2.
441 4493 630 4556 epistolarum]
648 4493 820 4554 (11112656.
839 4510 862 4554 4.
949 4507 987 4543 22.
1006 4492 1164 4558 pecuniam]
1182 4493 1319 4542 Eraamue’
1337 4491 1491 4556 Aldingten

323 4574 347 4620 3.
365 4558 519 4622 negocium]
532 4558 573 4608 Cf.
586 4559 634 4620 Ep.
648 4573 695 4619 447
708 4558 807 4609 introd.
915 4560 1038 4621 pension,
1052 4559 1144 4608 which
1161 4573 1274 4621 appears
1289 4561 1318 4607 to
1334 4558 1404 4607 12222
1421 4559 1490 4609 been

324 4625 381 4675 775.
391 4641 415 4684 4.
428 4624 570 4687 accersiui]
579 4624 698 4687 Ρ2212222
705 4624 740 4685 by
748 4624 867 4687 altering
914 4623 1491 4688 2211122122222222222121122122211222

291 4690 339 4739 the
360 4693 417 4738 text
435 4690 465 4738 21
483 4691 526 4738 1212
547 4689 622 4750 early
641 4690 803 4738 translation
825 4691 867 4738 122
915 4692 986 4739 from
997 4690 1127 4739 Warham
1139 4706 1146 4750 ;
1158 4690 1191 4739 21.
1205 4690 1252 4753 Ep.
1265 4705 1321 4752 794.
1330 4704 1381 4751 4,5.
1412 4691 1491 4740 Bras-

290 4756 338 4804 the
355 4759 451 4804 Nouam
468 4760 672 4811 lustramentum
688 4756 721 4805 21.
744 4756 793 4817 Ep.
817 4756 865 4817 384
915 4771 977 4805 mus
989 4755 1044 4804 had
1059 4754 1179 4805 received
1197 4756 1247 4804 the
1261 4770 1360 4817 money
1371 4755 1492 4819 through

288 4821 389 4871 introd.
916 4822 1054 4871 Maruffo‘a
1063 4825 1157 4883 agents
1170 4823 1214 4885 (21.
1226 4823 1273 4884 Ep.
1285 4823 1343 4884 ³⁰7·
1358 4823 1430 4888 22.),
1441 4823 1491 4872 but

324 4902 348 4948 5.
367 4886 484 4951 bellum]
499 4887 551 4935 For
570 4887 627 4935 this
644 4886 781 4949 projected
799 4885 864 4935 Cru-
915 4886 960 4935 hia
976 4886 1026 4935 bill
1047 4890 1075 4935 1ο
1090 4888 1239 4936 raimburse
1253 4887 1330 4937 them
1348 4888 1404 4938 had
1423 4888 1490 4938 been

290 4954 353 5002 sade
365 4968 408 5000 see
420 4952 565 5015 Creiglrton
578 4953 613 5001 12.
628 4966 716 5012 252-4.
915 4952 1022 5002 refused
1041 4955 1078 5015 by
1097 4952 1224 5015 Potkyn3
1241 4952 1275 5003 21.
1294 4955 1343 5017 Bp.
1362 4954 1420 5016 282.
1431 4967 1489 5016 4-5,

326 5033 363 5067 22.
380 5017 567 5083 Franciscum]
580 5019 739 5067 Barclrman.
913 5019 969 5067 and
981 5034 1025 5069 aee
1036 5018 1093 5068 also
1104 5020 1172 5084 Epp.
1184 5020 1242 5083 823,
1254 5019 1312 5073 828.
