3867 6034
475 728 538 790 seo
829 730 1019 794 Lamnas
1046 732 1100 794 or
1126 731 1330 794 1111111111
1592 725 1695 811 [1519

475 885 686 947 obticuisaam.
731 886 869 947 Tantum
882 889 989 947 autem
1003 886 1092 948 abeat
1106 891 1142 948 vt
1155 888 1272 967 pudeat
1290 908 1342 948 me
1354 888 1440 956 vinci
1458 906 1478 947 a
1496 886 1691 962 iunioribus,

473 987 511 1045 vt
525 985 730 1046 vehementer
742 989 775 1045 at
788 985 939 1063 gaudem
953 988 987 1046 et
1000 985 1117 1064 glorier
1129 987 1271 1048 seculum
1286 991 1431 1048 nostrum
1444 986 1569 1065 priscae
1583 985 1693 1048 barba·

431 1083 531 1144 roriei
551 1087 718 1146 veternum
745 1105 856 1145 exuere
882 1089 915 1146 et
938 1086 973 1145 in
998 1085 1129 1163 optimis
1155 1085 1271 1146 litteris
1298 1086 1448 1147 foeliciter
1477 1086 1691 1148 reflorescere.

475 1180 584 1259 Neque
605 1181 657 1241 hic
677 1181 783 1242 vllam·
797 1182 902 1243 laudis
922 1186 1044 1261 partem
1065 1183 1147 1244 mihi
1167 1183 1307 1258 vendico,
1328 1184 1391 1245 nisi
1411 1184 1440 1249 si
1461 1203 1543 1261 quos
1563 1187 1693 1245 nostrae

473 1279 706 1342 lucubrationes
719 1282 994 1358 expergeieoerunt
1012 1280 1052 1342 ad
1070 1282 1201 1343 meliora
1213 1282 1336 1358 studia3
1357 1302 1397 1343 ne
1415 1300 1468 1341 me
1483 1286 1581 1359 putes
1593 1301 1692 1361 agno

473 1396 559 1439 scere
572 1377 681 1440 laudea
694 1398 771 1456 quas
784 1379 866 1440 mihi
879 1379 1013 1442 candide
1026 1380 1127 1457 magia
1141 1399 1237 1457 quam
1251 1399 1324 1442 vere
1339 1380 1462 1440 tribuis.

514 1476 614 1538 Porro
627 1496 746 1538 nouum
760 1496 825 1538 non
838 1480 887 1538 est
900 1478 984 1555 apud
996 1476 1166 1556 Hungaros
1180 1498 1248 1539 esse
1261 1478 1400 1557 preclara
1408 1477 1547 1556 ingania,
1560 1479 1691 1556 quando

431 1574 641 1647 15Ianuaille
655 1574 841 1637 Pannonius
855 1579 981 1637 tantum
996 1574 1099 1637 laudis
1112 1576 1229 1638 meruit
1241 1577 1277 1637 in
1292 1577 1431 1637 carmine
1444 1580 1481 1638 vt
1491 1575 1591 1638 Italia
1605 1577 1691 1639 vltra

473 1674 522 1735 illi
542 1674 674 1735 herbam
695 1675 842 1751 porrigat.
885 1674 1023 1749 Pisonis,
1042 1676 1133 1736 cuius
1154 1676 1341 1736 memoriam
1361 1675 1441 1735 mihi
1461 1675 1603 1751 refricaa,
1623 1679 1690 1738 tam

473 1772 609 1833 iucunda
622 1776 671 1831 est
685 1772 857 1832 recordatio
872 1792 968 1849 quam
982 1772 1060 1834 olim
1075 1772 1193 1833 Romoe
1207 1771 1343 1833 iucunda
1356 1772 1458 1833 iuerat
1471 1774 1690 1835 consuetudo:

473 1872 550 1949 quid
570 1872 657 1933 enim
678 1871 734 1933 ilio
755 1872 879 1932 doctius
899 1876 953 1933 aut
968 1872 1044 1951 quid
1066 1871 1235 1933 festinius?
1275 1870 1344 1948 Ego
1363 1870 1449 1930 hunc
1469 1875 1689 1949 preceptorem

474 1968 1514 2049 magisgratulorsereniesimoRegivestroquamregnumipsum.
1544 1969 1691 2032 strarant

430 2090 462 2124 20
473 2071 506 2128 et
518 2067 571 2128 hic
583 2068 638 2146 qui
652 2089 703 2129 me
718 2068 916 2134 Perdinando
929 2067 1073 2147 Prinoipi
1087 2072 1302 2146 preceptorem
1319 2068 1392 2128 dare
1405 2067 1535 2130 vellent
1580 2069 1629 2130 Et
1643 2074 1689 2132 eat

473 2166 652 2229 adolescens
667 2187 794 2243 prorsus
804 2166 911 2242 indole
920 2168 1038 2245 diuina,
1051 2167 1211 2229 docilitate
1225 2166 1415 2243 incredibili,
1425 2166 1579 2248 probitati
1591 2171 1689 2231 virtu·

473 2265 560 2344 tique
574 2269 677 2341 natus,
692 2266 730 2328 ad
745 2266 804 2327 hec
818 2265 949 2327 amabili
963 2264 1097 2343 quadam
1111 2285 1238 2327 morum
1257 2251 1430 2343 grauitate;
1453 2266 1506 2325 sed
1526 2272 1621 2327 erant
1636 2286 1690 2329 cur

473 2382 525 2427 me
536 2362 654 2424 nollem
664 2364 755 2426 aulae
766 2363 972 2426 committere.
1003 2362 1038 2425 Is
1048 2366 1164 2439 umen,
1178 2366 1214 2426 vt
1224 2366 1290 2441 ipse
1300 2363 1382 2424 mihi
1392 2364 1527 2440 rettulit,
1540 2363 1688 2427 libellum

473 2460 522 2521 De
535 2460 693 2540 Principis
707 2461 910 2523 institutione
924 2480 1048 2540 semper
1060 2462 1155 2523 habet
1169 2462 1202 2521 in
1216 2461 1371 2523 manibus

428 2551 483 2629 17,
514 2558 600 2619 Velii
624 2578 749 2619 carmen
773 2559 890 2637 legens,
916 2560 1000 2637 quod
1024 2560 1168 2639 proxime
1192 2560 1274 2619 mihi
1299 2560 1458 2620 redditum
1483 2564 1542 2631 e'st,
1564 2558 1688 2624 Lucani

473 2655 584 2716 tubam
604 2656 712 2717 audire
733 2656 857 2718 videor:
887 2658 1002 2735 dignus
1023 2658 1078 2718 ille
1100 2658 1156 2735 qui
1178 2676 1309 2736 magnos
1334 2677 1422 2735 reges
1446 2657 1602 2735 decantet,
1625 2680 1687 2720 non

474 2754 652 2815 Erasmum.
696 2754 866 2831 Nunquam
894 2760 986 2817 autor
1010 2756 1069 2816 tibi
1092 2757 1181 2817 fuero
1203 2759 1247 2831 vt,
1271 2756 1540 2832 quemadmodum
1563 2757 1684 2832 acribia,

474 2855 543 2912 octo
566 2852 690 2912 dierum
713 2851 826 2913 itinere
851 2853 890 2914 ad
915 2853 1011 2915 huius
1035 2854 1255 2915 homuntionia
1282 2854 1497 2932 spectaculum
1524 2873 1686 2931 accurras3

474 2968 550 3010 nam
564 2952 613 3011 sat
626 2948 691 3010 scio
705 2952 738 3010 et
747 2954 779 3009 te
793 2950 968 3028 poeniteret
982 2951 1107 3013 itineris
1119 2956 1152 3013 et
1165 2973 1223 3030 ego
1236 2951 1425 3013 nonnullam
1439 2949 1686 3015 existimationis

430 3067 462 3116 so
474 3067 562 3109 meae
583 3048 737 3108 iacturam
750 3048 839 3127 'apud
861 3053 895 3109 te
915 3050 1058 3112 iacerem.
1101 3050 1230 3129 Siquid
1250 3050 1377 3111 Erasini
1395 3050 1574 3125 visendum,
1596 3052 1631 3113 id
1653 3054 1686 3113 in

472 3146 591 3207 libellis
609 3145 729 3207 nostris
748 3148 945 3225 conspicatus
962 3167 1005 3210 ea
1050 3150 1197 3211 Ceterum
1216 3168 1275 3209 nec
1292 3168 1350 3225 ego
1363 3169 1435 3209 sum
1449 3147 1562 3210 Liuius
1577 3169 1637 3211 nec
1650 3155 1685 3213 tu

474 3243 649 3305 Gaditanus
663 3244 820 3322 quispiam
833 3245 992 3308 barbarus.
1027 3247 1116 3321 Quod
1131 3249 1237 3307 autem
1252 3246 1381 3324 insuper
1394 3265 1512 3306 munus
1525 3247 1687 3311 adornas?

506 3392 532 3442 Β.
550 3391 748 3441 iunioribuso:
768 3391 920 3440 minoribns
931 3393 957 3446 β.
1070 3395 1181 3454 poli:
1197 3390 1335 3454 gloriere.
1430 3396 1489 3443 oli:
1507 3393 1683 3452 barbaricae.

477 3471 515 3507 12.
539 3458 575 3511 βε
602 3457 839 3519 expergefecerant
858 3476 882 3505 o.
1011 3471 1050 3519 15.
1074 3458 1235 3506 Pannonius
1254 3456 1281 3505 o¹
1298 3462 1326 3507 ia
1345 3472 1423 3518 moro.
1441 3460 1474 3521 (et
1493 3463 1580 3508 addit:
1607 3462 1686 3512 ‘Boot

474 3526 688 3570 clamoremanus
698 3526 796 3571 Eroamr‘
805 3525 824 3586 ⁹)
837 3527 873 3572 E:
891 3522 1055 3572 Parrhasius
1065 3522 1120 3577 affl.
1238 3524 1276 3571 16.
1295 3523 1410 3572 herbum
1421 3522 1465 3572 illi
1477 3527 1508 3578 Ε.
1594 3526 1686 3578 Iacobi

473 3589 625 3642 eddilam
636 3587 754 3639 Pisonis.
820 3593 882 3638 oli:
900 3589 1068 3643 memorias.
1162 3604 1200 3650 17.
1218 3592 1256 3644 βε
1273 3590 1472 3640 recordantes.
1539 3590 1685 3642 fumes:

473 3651 611 3703 suerito¹z
629 3653 720 3706 initii.
829 3668 871 3703 ar.
888 3659 948 3703 oE:
967 3653 1135 3709 11101111ιί8.
1240 3668 1283 3704 aa.
1301 3655 1525 3711 oltramibiliss.
1607 3664 1686 3708 erant

473 3736 506 3767 e:
524 3721 624 3768 crath.
747 3734 788 3781 aa.
807 3724 869 3768 oE:
886 3723 1001 3768 tamenn
1012 3722 1039 3773 β.
1156 3734 1197 3780 25·
1215 3723 1275 3771 oli:
1292 3721 1424 3783 proximis
1435 3722 1463 3775 β.
1581 3725 1623 3773 a&
1641 3726 1686 3774 ho

477 3786 632 3833 mancionis
645 3784 727 3832 huius
738 3789 768 3835 E.
869 3800 909 3848 an
927 3786 1126 3848 poeniteretfi:
1144 3786 1316 3848 petinereto.
1415 3800 1456 3847 3ο.
1474 3786 1506 3835 id
1517 3791 1576 3837 edd.
1589 3791 1618 3843 β.

510 3929 548 3977 15.
569 3917 740 3982 Pannonius]
758 3916 832 3966 John
856 3915 886 3966 of
906 3916 1054 3967 csezmicze
1106 3916 1197 3965 edited
1210 3917 1245 3979 by
1252 3916 1354 3966 Beatus
1362 3916 1511 3967 Rhenanus
1519 3916 1562 3968 for
1569 3917 1686 3984 Froben,

475 3984 507 4031 in
526 3983 557 4031 E.
578 3983 705 4032 Slavonia
725 3986 770 4045 (²⁹
786 3984 855 4045 Aug.
876 3997 1055 4044 ¹43⁴-1472
1105 3998 1137 4042 23
1154 3983 1219 4043 July
1233 3984 1297 4044 1518
1314 3982 1407 4047 (BRE.
1419 3982 1472 4045 76),
1486 3998 1562 4034 acme
1578 3986 1623 4035 for
1639 3987 1687 4037 the

475 4048 545 4112 lin),
563 4049 612 4097 the
629 4049 736 4097 famous
754 4048 917 4111 Hungarian
937 4047 1051 4097 scholar.
1105 4048 1166 4096 first
1178 4049 1245 4096 time
1260 4050 1331 4097 from
1346 4065 1363 4098 a
1378 4048 1523 4111 strasburg
1541 4050 1600 4102 MS.
1615 4068 1686 4103 com·

475 4114 512 4164 In
532 4128 594 4176 1447
611 4114 655 4163 his
676 4115 765 4177 uncle,
782 4114 856 4162 John
878 4114 965 4177 Vitoz,
986 4114 1055 4162 later
1104 4113 1262 4162 municated
1274 4115 1310 4176 by
1321 4115 1415 4163 Sturm
1430 4114 1490 4177 (Ep.
1502 4129 1561 4175 goa.
1577 4131 1610 4179 13
1626 4123 1686 4178 n.);

474 4181 546 4242 Abp.
562 4182 592 4229 ol
606 4181 691 4240 Gran,
702 4184 765 4228 sent
784 4180 845 4228 him
863 4182 891 4228 to
909 4180 1054 4229 Guarino's
1104 4180 1159 4227 and
1180 4193 1196 4227 a
1211 4178 1341 4228 collected
1357 4180 1462 4229 edition
1474 4194 1531 4229 was
1546 4184 1686 4244 produced

475 4246 565 4295 school
593 4248 622 4293 at
648 4246 763 4307 Verona,
793 4245 884 4294 where
912 4245 947 4293 he
975 4245 1055 4294 made
1106 4246 1141 4307 by
1153 4244 1194 4295 ct.
1207 4245 1234 4293 S.
1247 4245 1340 4294 'l'eleki
1352 4249 1380 4294 at
1392 4245 1517 4306 Utrecht,
1533 4250 1609 4309 1784.

474 4314 550 4373 great
572 4325 708 4374 progreas;
732 4312 880 4372 attracting
897 4310 944 4359 the
963 4312 1054 4360 notice
1137 4310 1186 4357 See
1208 4310 1288 4372 Voigt
1311 4311 1339 4361 ii.
1363 4312 1478 4373 318-243
1503 4311 1560 4363 Jos.
1582 4314 1686 4371 Keller,

475 4378 505 4426 ol
513 4377 631 4437 Flemus,
643 4376 847 4438 Trapezuntius,
857 4377 1052 4439 Argyropylus,
1104 4379 1168 4426 aaa
1174 4380 1272 4435 1711111171.
1284 4380 1537 4435 Qatsmaaoeiaaioncm
1545 4380 1575 4427 iv
1586 4382 1684 4443 (1796),

474 4443 529 4492 and
540 4442 683 4491 Galeottus
699 4442 816 4492 Martius
833 4443 895 4505 (Ep.
914 4443 972 4504 581.
983 4444 1000 4491 ⁶
1011 4442 1054 4506 n.)
1107 4456 1204 4503 1-3593
1221 4441 1276 4490 and
1291 4457 1365 4491 some
1378 4446 1494 4492 Amisso
1510 4443 1546 4506 by
1560 4443 1593 4495 E.
1606 4445 1684 4509 Abel,

474 4509 543 4557 with
588 4508 766 4557 translations
816 4508 887 4557 from
941 4508 1052 4567 Homer,
1107 4508 1177 4556 1880.

475 4574 673 4623 Demosthenes
704 4574 760 4623 and
796 4573 935 4623 Plutarch.
976 4574 1055 4624 aiter
1137 4572 1194 4621 The
1204 4572 1346 4622 confusion
1359 4573 1390 4623 in
1407 4573 1456 4621 the
1468 4573 1542 4625 MSS.
1554 4576 1627 4626 with
1638 4577 1686 4626 the

476 4643 587 4702 moving
598 4643 626 4689 to
638 4640 730 4688 Padus
739 4641 768 4688 in
780 4653 843 4701 1454
855 4642 884 4687 io
895 4638 979 4701 study
990 4640 1051 4702 law,
1104 4638 1215 4700 Italian,
1221 4638 1686 4705 ienuaPurhmiushaaevidently

475 4706 510 4754 he
522 4706 653 4754 returned
671 4709 699 4753 tc
716 4705 892 4767 Hungaryin
905 4706 976 4766 1458.
1011 4705 1054 4754 He
1104 4704 1194 4752 arisen
1206 4705 1274 4753 stom
1287 4704 1636 4765 thesimilarityolname,

474 4786 529 4819 was
551 4770 658 4819 created
680 4770 730 4833 Bp.
755 4772 785 4818 ol
809 4770 995 4820 Fdnfkircben
1023 4774 1053 4819 in
1139 4772 1178 4820 16.
1196 4770 1322 4835 herbam]
1340 4769 1474 4829 (liddae.
1489 4771 1549 4832 878.

477 4850 558 4899 1459;
576 4838 626 4886 but
637 4836 668 4885 in
683 4850 744 4897 1471
763 4835 878 4885 allowed
896 4836 1011 4885 himself
1025 4842 1053 4885 to
1138 4851 1178 4885 20.
1196 4835 1432 4900 sarcinensem.
1445 4836 1563 4899 11171917.
1579 4852 1647 4890 ron.

476 4902 508 4950 ba
520 4903 616 4950 drawn
633 4902 694 4951 into
710 4903 758 4951 the
775 4903 934 4965 conspiracy
946 4905 1053 4965 against
1172 4901 1369 4966 preceptorem]
1382 4901 1431 4952 see
1442 4916 1467 4964 p.
1481 4917 1539 4963 ⁴92·

476 4966 606 5018 Matthias
618 4966 760 5030 Corvinus,
768 4967 823 5016 and
832 4968 988 5017 diodolthc
998 4969 1053 5017 dis·
1137 4982 1177 5028 aa.
1197 4966 1333 5031 libellum]
1345 4967 1395 5016 See
1407 4966 1455 5029 Ep.
1466 4968 1522 5029 853.

474 5046 560 5095 grace.
597 5034 623 5084 Α
640 5032 770 5082 seloction
787 5033 818 5081 ol
831 5032 876 5082 hia
893 5048 986 5095 poema
998 5048 1053 5082 was
1137 5048 1178 5094 24.
1196 5034 1226 5081 in
1238 5032 1376 5097 manibus]
1389 5033 1429 5083 Oi.
1444 5032 1492 5095 Ep.
1504 5047 1565 5095 970.
1577 5049 1647 5098 945.
