3867 6034
394 741 456 805 550
740 738 930 835 LE'I'I'ERS
958 738 1011 799 OF
1038 737 1239 800 ERASMUS
1511 734 1618 821 [¹51⁹

390 898 505 978 quippe
518 898 610 959 licuit
622 915 745 975 semper
754 895 919 974 licebitque
933 894 1074 956 inuentis
1087 895 1207 969 addere,
1219 915 1275 972 pro
1287 895 1504 974 ingeniorum
1519 902 1619 976 captu

391 1017 473 1058 noua
481 994 662 1074 excogitare,
673 993 729 1055 fiat
739 993 831 1054 modo
839 993 917 1054 citra
924 1012 1082 1054 venenum
1092 995 1124 1053 et
1133 993 1257 1071 figurati
1267 994 1437 1071 praeconis
1449 1010 1619 1070 morsum,

347 1115 377 1166 ²5
390 1114 447 1156 nec
468 1094 507 1155 de
528 1078 621 1155 curru
640 1093 804 1153 videamur
822 1091 964 1168 ineptire.
1010 1090 1094 1167 Quin
1116 1092 1144 1152 si
1164 1093 1324 1152 attendere
1343 1093 1496 1171 amplius
1516 1094 1618 1155 fuerit

389 1192 575 1263 collibitum,
590 1190 758 1267 insigniter
770 1190 932 1251 laudatum
945 1193 984 1264 te,
1002 1191 1204 1251 etiamsinon
1219 1190 1423 1267 nominatim,
1439 1193 1617 1272 perspicue

390 1294 505 1367 tamen,
521 1288 701 1367 comperies.
736 1287 940 1366 Ingenuitate
953 1288 1012 1348 huo
1025 1307 1045 1348 a
1058 1288 1196 1349 maximo
1210 1307 1334 1366 quoque
1347 1309 1426 1350 cum
1441 1280 1617 1369 prioribus

390 1391 561 1449 certatum:
582 1390 614 1448 et
624 1390 660 1447 tu
670 1386 704 1446 in
719 1386 932 1447 monumentis
945 1386 1010 1447 tuis
1023 1405 1148 1464 pugnae
1161 1386 1316 1447 eiusmodi
1329 1406 1397 1448 non
1413 1408 1450 1449 es
1467 1389 1614 1451 nescius

390 1484 491 1561 Quare
511 1505 551 1545 ne
569 1484 666 1546 fueris
684 1484 822 1563 iniquior
840 1484 874 1544 in
896 1503 948 1544 me
967 1483 1069 1559 iudex,
1085 1505 1183 1562 quum
1204 1484 1272 1545 sine
1290 1488 1531 1562 prouocatione
1549 1509 1615 1550 non

347 1604 378 1654 30
390 1582 589 1661 disceptatur.

431 1680 494 1742 Sed
515 1679 632 1741 accedit
653 1680 746 1743 aliud.
790 1678 866 1757 Legi
888 1694 989 1757 nuper
1007 1700 1046 1741 ex
1064 1680 1279 1742 admonitione
1297 1682 1464 1744 lbancisci
1486 1684 1613 1747 Saceeti

390 1778 574 1855 'ticinensis
589 1779 651 1839 viri
671 1778 750 1838 bene
771 1778 853 1839 docti
873 1782 905 1839 et
925 1779 1082 1855 senatorii,
1104 1779 1139 1839 in
1160 1780 1333 1841 nouissima
1347 1780 1612 1845 Prouerbiorum

390 1877 528 1938 editione
549 1875 688 1956 querelas
708 1880 779 1937 tuas
799 1878 881 1955 quod
903 1878 938 1937 in
958 1877 1048 1938 libris
1069 1878 1149 1939 meis
1176 1896 1329 1957 nusquam
1351 1881 1383 1937 tc
1407 1881 1610 1944 nominatim

390 1975 580 2048 aduocarim,
604 1975 693 2034 cuius
720 1978 826 2034 tamen
853 1975 1071 2035 monumentis
1098 1995 1149 2035 me
1174 1975 1318 2036 adiutum
1343 1977 1516 2054 probabile
1541 1981 1605 2041 liat

346 2094 378 2147 25
391 2072 466 2150 Ego,
482 2071 532 2132 vir
549 2072 739 2146 doctissime,
755 2072 814 2133 sub
833 2072 865 2132 id
883 2076 1008 2150 tempus
1022 2093 1083 2151 quo
1102 2093 1171 2134 mea
1184 2073 1346 2152 publicum
1363 2079 1443 2136 sunt
1458 2076 1606 2156 indepta,

391 2171 430 2231 de
444 2170 565 2232 officina
576 2173 630 2230 tua
643 2173 822 2247 promptum
838 2173 959 2247 praeter
970 2171 1141 2231 Prouerbis
1154 2171 1200 2231 nil
1215 2171 1350 2249 legeram
1361 2173 1511 2236 omnino.
1543 2176 1606 2236 Vbi

391 2285 464 2329 vero
477 2268 659 2346 prodierunt
673 2268 757 2343 haec,
774 2270 899 2329 tantum
913 2287 978 2329 non
993 2270 1167 2330 exenterari
1181 2269 1261 2330 mihi
1275 2289 1346 2330 sum
1360 2270 1460 2333 visus.
1501 2271 1605 2335 Erant

391 2367 450 2427 sub
468 2365 583 2427 incudo
601 2362 708 2427 nostra
728 2365 838 2426 itidem
852 2366 1089 2427 Paroemiarum
1107 2366 1188 2442 libri,
1204 2372 1234 2428 et
1249 2368 1383 2443 Patauii,
1402 2373 1452 2430 sat
1476 2372 1554 2448 scio,
1573 2372 1604 2433 id

391 2464 612 2525 renunciatum
633 2463 701 2525 tibi.
744 2464 843 2525 Facto
863 2464 960 2543 igilur
978 2468 1043 2541 tuo,
1060 2464 1116 2543 qui
1137 2466 1300 2542 occupasti,
1322 2466 1361 2526 ad
1381 2466 1499 2528 restim
1520 2469 1604 2529 milri

348 2588 379 2636 40
391 2561 485 2623 rediit
503 2582 560 2623 res.
605 2561 780 2640 Euigilatae
800 2562 882 2623 mibi
903 2565 950 2623 tot
971 2565 1078 2624 noctes
1098 2563 1224 2641 periere,
1243 2564 1374 2625 haustae
1396 2564 1604 2627 lucernarum

391 2658 549 2738 fuligines,
566 2660 732 2722 sudoribus
751 2661 843 2722 toties
862 2661 980 2739 rigatae
993 2664 1098 2722 vestes
1116 2661 1151 2722 in
1169 2661 1307 2722 nihilum
1322 2662 1471 2725 recidere.
1518 2666 1603 2742 Quid

392 2756 473 2817 mihi
491 2760 561 2818 tum
581 2757 681 2818 animi
701 2760 800 2820 fuisse
818 2754 935 2838 putas?
977 2760 1067 2820 Noua
1084 2759 1146 2820 fuit
1164 2760 1369 2822 redordienda
1389 2762 1461 2837 tela,
1479 2783 1602 2825 nouum

391 2856 565 2917 ineundum
594 2860 759 2932 certamen,
783 2856 818 2917 ni
839 2857 930 2919 allisa
953 2857 1106 2937 patientia
1126 2858 1161 2918 in
1185 2857 1329 2919 tenebras
1351 2878 1403 2919 me
1428 2861 1602 2923 intrusisse

391 2955 520 3015 mallem
533 2956 584 3015 vel
598 2953 777 3017 Cimmeriis
789 2955 928 3017 atriores.

347 3078 378 3128 45
433 3052 518 3113 Hinc
539 3072 611 3131 ergo
632 3057 708 3114 sunt
727 3053 939 3132 Antiquarum
961 3052 1145 3115 Lectionum
1166 3053 1259 3116 libri:
1281 3054 1455 3133 quiquam
1478 3060 1602 3120 excocti

391 3151 528 3229 amplius
543 3155 575 3212 et
588 3151 800 3229 opulentiores
814 3152 1124 3230 quoque—accedent
1139 3153 1252 3230 quippe
1270 3171 1377 3214 rerum
1390 3154 1475 3216 scitu
1490 3156 1598 3236 digna-

390 3270 463 3311 rum
477 3251 551 3329 plus
563 3250 671 3311 minus
682 3250 821 3328 quinque
834 3250 1049 3311 millia-mox
1063 3254 1138 3310 sunt
1152 3250 1318 3329 prodituri,
1329 3271 1390 3330 quo
1401 3255 1433 3313 te
1447 3253 1601 3334 obsequio

391 3349 550 3410 demerear
563 3347 710 3426 pleniore,
723 3349 910 3409 nominatim
921 3347 981 3407 tibi
992 3347 1126 3425 epistola
1135 3350 1214 3409 teste
1229 3348 1346 3409 librum
1359 3369 1465 3411 vnum
1480 3371 1601 3414 nuncu-

391 3446 543 3524 pabimus,
559 3446 698 3507 attestati
712 3447 873 3525 praecipue
888 3449 1043 3524 quantum
1062 3445 1221 3507 laboribus
1235 3447 1300 3508 tuis
1315 3448 1398 3509 vitae
1414 3452 1597 3512 contuleris

347 3570 380 3622 50
392 3545 481 3620 Quod
503 3565 553 3606 me
577 3545 722 3606 ‘retextis
740 3544 875 3606 aliorum
896 3544 989 3605 sertis
1007 3562 1106 3605 nouas
1124 3548 1286 3606 contexere
1307 3546 1454 3607 corollas'
1474 3551 1596 3624 scribis,

391 3643 451 3705 tibi
465 3643 635 3721 ceterisque
649 3663 723 3704 mox
737 3643 972 3705 satisfaciemus
1017 3643 1151 3704 Interim
1165 3644 1242 3704 vale.

433 3740 610 3801 Mediolano
624 3760 652 3800 x.
670 3741 740 3801 Kal.
758 3742 856 3802 Maias
870 3761 1003 3802 unns.

424 4003 464 4050 25.
481 3990 515 4039 de
527 3990 620 4055 curru]
632 3991 672 4041 Cf.
684 3994 764 4051 Adae.
777 3992 860 4052 673,4.
1017 3992 1065 4038 out
1094 3990 1138 4039 his
1165 3989 1288 4049 scheme,
1320 3991 1369 4040 but
1398 3991 1443 4041 bis
1472 3995 1596 4059 nephew,

424 4070 464 4117 31.
483 4056 596 4121 Sacceli]
626 4056 640 4104 Ι
669 4058 769 4105 cannot
803 4059 875 4104 trace
910 4054 966 4103 this
1018 4053 1149 4104 Camillus
1167 4055 1320 4117 Rioberius,
1340 4056 1480 4119 produced
1500 4075 1516 4109 a
1535 4076 1596 4111 new

391 4121 493 4170 Pavian
522 4126 640 4171 senator.
685 4121 728 4170 He
755 4135 810 4170 was
837 4120 968 4183 probably
1017 4119 1130 4182 edition,
1156 4120 1244 4182 Bosle,
1268 4122 1304 4172 H.
1327 4120 1432 4172 Froben
1456 4125 1513 4174 and
1538 4128 1594 4177 Nic

390 4188 537 4237 connected
550 4188 620 4237 with
632 4186 925 4237 FrancescoSaccbetti
940 4187 971 4235 ol
1017 4187 1185 4250 Episcopius,
1211 4201 1281 4250 1542.
1316 4187 1351 4237 ln
1374 4188 1432 4238 this
1454 4191 1534 4240 thero
1552 4208 1596 4243 are

391 4249 481 4309 Paria,
500 4254 562 4302 who
579 4268 633 4301 was
651 4251 785 4302 Professor
802 4252 832 4302 ol
844 4251 924 4315 Legio
937 4252 967 4301 in
1016 4267 1049 4314 30
1064 4252 1156 4314 books,
1174 4252 1279 4302 formed
1295 4255 1331 4315 by
1346 4254 1479 4319 breaking
1494 4272 1532 4321 up
1550 4260 1596 4309 the

390 4318 438 4367 the
461 4318 620 4380 University
639 4320 752 4379 1446-7:
769 4332 813 4367 see
831 4322 940 4368 Menoec
955 4335 967 4368 e
1015 4319 1140 4380 previous
1154 4320 1184 4367 16
1192 4318 1296 4382 (except
1310 4334 1321 4367 1
1334 4319 1388 4368 and
1400 4322 1443 4384 15)
1454 4321 1516 4371 into
1525 4327 1597 4373 two:

391 4388 526 4432 Documenta·
538 4418 560 4433 ..
574 4384 625 4432 delt'
641 4388 708 4433 Unio.
721 4388 748 4431 di
762 4387 846 4445 Pario,
862 4385 932 4445 1878,
946 4386 964 4445 i,
1017 4384 1064 4432 the
1078 4398 1139 4432 new
1151 4385 1458 4447 prelacosinterpolated
1466 4388 1550 4453 being
1560 4390 1596 4439 all

390 4463 415 4511 p.
433 4450 486 4510 158.
521 4450 578 4498 The
594 4464 673 4497 name
688 4450 710 4498 is
724 4448 780 4497 also
791 4449 877 4498 found
889 4449 966 4498 lbere
1018 4449 1054 4510 by
1070 4448 1210 4509 Camillus,
1228 4453 1322 4512 except
1339 4465 1391 4499 one
1410 4451 1501 4503 wblclr
1519 4456 1544 4503 is
1562 4458 1596 4519 by

392 4514 423 4563 in
434 4516 514 4564 xviii⁰
525 4515 604 4579 (ibid.
618 4516 659 4575 iii,
673 4530 697 4577 p.
710 4516 780 4578 3⁶4)·
1016 4514 1042 4563 J.
1056 4514 1090 4564 li
1104 4515 1240 4564 Gorettus.
1274 4516 1355 4565 From
1367 4531 1419 4566 one
1430 4518 1461 4566 ol
1471 4520 1558 4581 these,
1570 4526 1596 4570 to

423 4595 464 4641 33.
481 4580 825 4644 querelus]Adaq.1517-8,
839 4595 864 4643 p.
878 4595 917 4642 15.
1018 4579 1060 4629 bk.
1078 4595 1104 4627 11
1124 4582 1162 4645 (=
1175 4581 1218 4630 bk.
1236 4584 1263 4640 6,
1281 4586 1319 4644 pt.
1337 4584 1373 4646 a),
1393 4583 1476 4634 dated
1493 4598 1510 4646 5
1528 4587 1594 4636 Nor.

422 4649 463 4708 38.
487 4646 699 4711 Paroemiarum]
733 4647 798 4694 This
832 4648 907 4694 work
941 4646 970 4695 of
1019 4659 1089 4709 1540,
1112 4647 1134 4695 it
1153 4661 1266 4709 appears
1288 4647 1349 4696 that
1372 4648 1419 4697 the
1442 4664 1597 4715 roarrange·

389 4709 496 4762 Caelius
507 4726 562 4761 was
573 4726 655 4761 never
666 4711 822 4774 published.
1018 4716 1095 4761 ment
1113 4712 1167 4760 had
1186 4714 1252 4762 been
1272 4712 1401 4776 designed
1419 4714 1455 4775 by
1473 4715 1594 4768 Caelius:

456 4777 575 4841 Patauii]
616 4777 655 4828 Cf.
689 4777 739 4840 Ep.
774 4778 831 4838 556.
865 4791 898 4838 33
938 4792 964 4827 n.
1016 4776 1113 4840 butby
1129 4778 1176 4827 the
1191 4778 1258 4827 time
1274 4778 1321 4827 the
1337 4793 1398 4828 new
1415 4779 1524 4832 edition
1542 4799 1596 4833 was

390 4840 519 4892 Erasmus
529 4858 585 4892 was
599 4842 717 4893 therela
732 4842 796 4892 Dec.
810 4844 873 4903 1508
885 4844 965 4906 (llpp.
1017 4843 1198 4903 undertakes,
1210 4844 1337 4893 Erasmus
1353 4847 1396 4893 too
1408 4859 1464 4894 was
1476 4847 1555 4912 dead,
1569 4866 1596 4899 so

388 4908 485 4971 arag).
1017 4908 1079 4957 that
1091 4908 1169 4958 there
1182 4922 1236 4958 was
1251 4923 1286 4957 no
1302 4910 1428 4971 question
1441 4913 1472 4960 ol
1484 4913 1533 4964 the
1544 4915 1596 4964 lul·

422 4974 461 5033 48.
481 4974 583 5024 librum
595 4974 692 5038 vnum]
706 4972 745 5023 cl.
758 4974 824 5036 Epp.
837 4976 893 5037 469.
903 4975 919 5022 8
928 4990 963 5036 n,
1016 4974 1125 5024 fllment
1135 4975 1165 5023 ol
1175 4974 1231 5024 this
1241 4976 1367 5037 promise.

389 5038 500 5100 556.32.
535 5038 641 5089 Caelius
653 5039 701 5088 did
718 5042 767 5088 not
782 5039 965 5102 llvotocarry
1049 5054 1089 5100 50.
1108 5039 1465 5105 scribis]Adap.1517-8,p.
1483 5058 1521 5107 ¹5·
