3867 6034
728 707 917 771 mmm
943 705 999 767 OE
1025 700 1225 766 ERASMUS
1506 692 1594 779 [15¹⁹

632 918 799 985 nemost.
842 914 939 979 Fron
962 912 1128 977 Wrmsu
1152 909 1338 975 Bunrsus.

419 1056 638 1127 chgoprs.
1384 1044 1483 1101 Puris„

418 1144 449 1201 l'.
462 1162 490 1215 p.
503 1144 571 1199 206:
590 1139 659 1195 llll:
677 1137 766 1195 lond.
777 1136 819 1193 iii.
832 1138 884 1203 64:
901 1135 958 1193 tB.
971 1152 1033 1206 432·
1297 1149 1334 1190 ιο
1345 1133 1430 1189 June
1445 1130 1563 1204 (1519).

773 1290 930 1339 ansnvs
951 1289 1088 1338 musmo
1109 1290 1137 1339 Β.
1155 1289 1189 1337 D.

425 1418 606 1478 Lonovrcvs
618 1414 722 1488 Vires,
737 1412 833 1473 homo
853 1410 1016 1473 litersrum
1036 1411 1191 1473 bonerum
1209 1411 1349 1473 feliciter
1367 1413 1548 1485 studiosus,
1561 1415 1591 1469 vt

384 1535 423 1575 ex
436 1514 504 1575 eius
516 1531 659 1574 sermone
673 1510 825 1585 intellexi,
843 1510 923 1570 mire
936 1509 1059 1571 nomini
1072 1513 1128 1571 tuo
1142 1530 1275 1589 meoque
1287 1510 1401 1572 isuere
1416 1511 1504 1571 mihi
1514 1510 1591 1570 visus

385 1616 451 1675 est:
477 1613 566 1673 cuins
588 1607 769 1671 humenitss
792 1607 960 1686 singularis
986 1611 1018 1668 et
1040 1608 1162 1669 erudite
1185 1609 1361 1686 glutinum,
1387 1613 1429 1669 vt
1454 1610 1588 1679 nrbitror,

385 1710 621 1771 tenacissimum
635 1727 702 1768 esse
716 1706 831 1784 poterit
844 1706 879 1766 in
891 1708 1052 1783 posterum
1065 1708 1198 1768 tuendae
1209 1707 1466 1786 retinendaeque
1476 1711 1589 1768 nostrie

359 1807 549 1879 semicitine,
564 1805 600 1880 si,
615 1809 650 1866 vt
664 1807 740 1866 sunt
753 1805 899 1877 humane,
914 1804 1063 1866 nonnihil
1081 1804 1250 1866 simultatis
1268 1805 1322 1866 vel
1338 1807 1589 1885 suspiciunculss

387 1906 491 1983 potius
511 1904 594 1964 int0r
617 1921 675 1963 nos
697 1900 853 1961 inciderit.
906 1900 988 1962 Nam
1006 1902 1158 1964 hsctenm
1175 1902 1324 1964 incidisse
1345 1905 1381 1964 τό
1403 1931 1441 1985 γε
1464 1905 1525 1964 κατ’
1548 1908 1589 1981 ἐμὲ

387 2021 550 2080 nunquam
569 2000 698 2075 fatebor,
717 2020 758 2059 ne
777 1997 931 2059 secerdoti
951 1999 1078 2076 quidem
1098 2001 1181 2078 apud
1201 2021 1295 2079 quem
1316 2001 1471 2064 animum
1490 2022 1588 2064 curere

387 2100 499 2162 solitus
512 2119 592 2160 sum.

428 2200 473 2258 Vt
486 2197 587 2258 obiter
599 2196 748 2275 epistolae
763 2198 835 2256 tuso
853 2196 1057 2272 respondeum
1077 2199 1183 2275 (quum
1203 2218 1332 2275 peregre
1350 2219 1454 2277 egens
1471 2203 1589 2279 περὶ),

346 2323 377 2358 ιο
388 2299 423 2359 in
446 2317 507 2375 qus
528 2316 591 2357 non
616 2295 821 2356 necessariam
845 2295 1104 2355 contestationem
1129 2296 1204 2356 lucis
1226 2299 1257 2357 te
1282 2297 1462 2360 honorifice
1485 2302 1526 2361 de
1546 2320 1589 2359 me

388 2395 476 2473 loqui
496 2393 634 2467 solitum,
652 2391 748 2452 simul
766 2391 965 2453 illam-tunm
981 2391 1041 2453 uti
1060 2396 1279 2475 περισσολόγον,
1295 2396 1380 2455 mihi
1396 2398 1588 2479 βραχυλόγοι,

388 2492 552 2570 epistolam
579 2510 616 2551 eo
643 2490 771 2550 demum
805 2488 932 2550 nomine
965 2490 1128 2568 displicere
1158 2492 1218 2553 tibi
1250 2493 1401 2569 affirmas,
1433 2497 1519 2573 quod
1545 2516 1589 2556 me

390 2590 557 2650 offendisse
577 2588 777 2648 videntur—a
797 2606 858 2664 qus
875 2587 1053 2666 suspicione
1072 2593 1107 2650 vt
1125 2589 1222 2650 semel
1238 2594 1270 2649 te
1284 2591 1454 2669 deducam,
1471 2596 1590 2672 qusndo

390 2687 470 2746 mihi
494 2707 550 2747 nec
571 2686 727 2746 inficianti
747 2705 804 2746 neo
823 2684 993 2747 affirmanti
1017 2687 1124 2762 credis,
1146 2688 1228 2749 bons
1247 2708 1319 2749 mes
1339 2693 1449 2768 gratis
1469 2692 1543 2753 licet
1560 2696 1590 2751 vt

347 2811 377 2860 ¹5
389 2804 457 2844 eam
472 2783 604 2843 officinis
617 2783 681 2844 tuis
694 2784 868 2859 permittas
883 2782 910 2844 si
924 2783 984 2845 tibi
997 2804 1062 2844 non
1075 2784 1240 2862 displicet;
1262 2789 1427 2863 egoenim
1442 2810 1514 2851 eum
1528 2791 1590 2851 sine

389 2881 487 2942 animi
510 2880 681 2942 offensione
704 2879 837 2956 legi-si
860 2882 1003 2941 nondum
1026 2901 1078 2941 mc
1097 2882 1191 2950 nosti,
1215 2882 1310 2943 velim
1331 2887 1368 2945 vt
1389 2906 1464 2948 sero
1484 2887 1590 2949 saltem

390 3000 481 3041 nosse
501 2979 632 3056 incipias
651 2979 867 3039 subausteram
887 2978 1008 3056 ingenii
1025 2981 1088 3041 mei
1108 2983 1259 3055 nst-nram,
1276 2981 1332 3058 qui
1349 3003 1409 3043 neo
1431 2986 1590 3047 obser-usn·

389 3080 449 3141 ilas
465 3079 593 3157 probem
613 3078 900 3156 supparatilalrloefl
921 3098 977 3138 nec
998 3079 1150 3139 amicitias
1169 3082 1446 3157 &interpellatore
1462 3084 1592 3145 libenter

390 3197 558 3251 exerceam,
574 3178 655 3236 siout
684 3174 913 3236 amarulentam
934 3177 1128 3237 iracundiam
1149 3176 1223 3237 stilo
1250 3178 1379 3255 prodere
1404 3201 1472 3241 non
1493 3183 1589 3243 didici

347 3301 378 3336 20
390 3276 501 3336 liclim
514 3275 702 3336 immodicus
716 3273 776 3334 ioci
792 3273 959 3351 minusque
976 3275 1209 3353 circunspectus
1228 3275 1331 3335 videri
1349 3297 1449 3354 quem
1467 3281 1592 3341 alterius

390 3373 461 3433 vitii
482 3372 667 3434 insimulari
710 3372 831 3432 Eodem
850 3372 1008 3449 pertinere
1032 3373 1158 3433 videtur
1178 3372 1267 3449 illud,
1292 3375 1375 3450 quod
1397 3381 1593 3458 συγκρητίζεο

390 3474 463 3549 ἡμᾶς
476 3491 555 3548 opus
574 3490 641 3531 esse
655 3469 740 3538 dicis,
756 3470 874 3530 scilieet
887 3472 1007 3547 ὡσπερεὶ
1020 3472 1151 3531 τάναντία
1164 3497 1212 3531 σοι
1225 3476 1398 3549 φρονοῦντος
1413 3480 1494 3551 ἐμοῦ,
1510 3476 1531 3554 ἢ
1548 3480 1593 3537 αὖε

391 3569 542 3633 ἐνδιδόντος
553 3595 586 3650 γε
598 3570 717 3647 ἐμαυτὸν
729 3571 845 3646 εὐχερῶς
855 3571 893 3631 εἷς
902 3569 954 3644 τὴν
964 3571 1063 3629 τούτου
1073 3570 1290 3647 ἐπιτηδεύματος
1296 3574 1347 3630 τοῦ
1356 3575 1413 3632 σοῦ
1424 3577 1590 3635 meatem.

391 3667 471 3727 Mihi
489 3687 564 3728 vero
581 3666 691 3744 iniquo
709 3665 844 3744 quodum
863 3665 928 3726 lato
947 3668 1080 3744 contigit
1094 3670 1129 3727 vt
1143 3667 1262 3728 bellum
1276 3670 1517 3748 φιλοβαρβοὶροις
1529 3672 1594 3733 istis

348 3788 378 3837 ²5
391 3766 468 3826 olim
489 3767 655 3837 indictum,
672 3765 817 3825 ferociter
837 3765 933 3825 etism
951 3766 1162 3840 commissum,
1178 3767 1242 3825 ium
1262 3769 1411 3845 prosequi
1431 3790 1591 3848 nequem,

391 3883 448 3923 nec
462 3862 496 3922 in
511 3867 615 3940 partes
628 3863 783 3923 bonorum
796 3882 867 3922 meo
884 3863 1038 3924 arbitratu
1055 3864 1243 3938 incumbere,
1259 3884 1393 3941 quarum
1407 3870 1447 3927 tu
1460 3868 1594 3946 suspicis

393 3960 494 4038 regis:
522 3982 557 4021 cc
579 3965 731 4039 tunquam
752 3961 816 4020 ism
837 3961 871 4021 in
891 3962 1033 4039 partibus
1057 3981 1121 4022 non
1142 3962 1211 4036 sim,
1235 3982 1292 4022 nec
1312 3962 1372 4024 hos
1395 3966 1517 4027 adiuuo
1542 3985 1594 4026 nec

392 4059 465 4119 illos
478 4058 602 4136 infesto,
618 4058 745 4119 temetsi
760 4058 873 4119 ulteros
890 4079 1003 4120 exosus
1019 4080 1091 4120 sum
1109 4063 1142 4120 et
1162 4060 1271 4120 alteris
1289 4060 1368 4121 bene
1387 4064 1492 4141 cupio.
1538 4064 1594 4125 Sed

393 4158 424 4217 id
439 4157 514 4235 quid
534 4160 582 4217 est
602 4157 687 4217 uliud
705 4177 799 4235 quam
820 4159 936 4218 ἐτώσιον
953 4158 1040 4238 ἄχθος
1054 4161 1173 4236 ἀρούρης
1186 4160 1224 4219 sd
1245 4161 1441 4221 senectutem
1460 4181 1594 4240 vergere,

349 4278 381 4325 ³0
392 4255 481 4333 quusi
495 4256 529 4315 in
543 4254 666 4315 thectro
682 4256 870 4316 sedentem?
911 4256 1001 4331 Quod
1024 4260 1129 4317 sutem
1148 4257 1187 4316 sd
1205 4256 1237 4316 id
1255 4257 1394 4333 pertinet
1415 4261 1500 4337 quod
1522 4262 1596 4323 seim

392 4352 514 4425 auebns,
531 4352 607 4429 quid
621 4352 721 4411 animi
737 4352 928 4427 haberemus,
943 4356 980 4413 vt
996 4353 1129 4431 quodam
1150 4352 1292 4429 epistolio
1306 4354 1484 4431 scripsisti:
1504 4360 1596 4436 pudet

636 4544 675 4578 αα.
695 4528 765 4589 doru.
781 4535 811 4579 N.
923 4545 963 4593 23.
983 4536 1004 4579 Ε
1016 4536 1116 4592 Contu:
1135 4531 1272 4595 cvvulpsucr
1282 4537 1311 4582 E.

428 4744 449 4778 1.
475 4727 568 4791 Viucs]
597 4728 649 4775 For
673 4728 730 4776 this
751 4730 816 4776 visit
843 4731 870 4776 to
892 4728 967 4777 Puris
1050 4743 1090 4779 αα.
1108 4730 1186 4796 dicis]
1199 4731 1247 4794 Ep.
1260 4734 1405 4793 930.8-11.

393 4794 426 4843 cf.
438 4794 486 4856 Ep.
498 4810 554 4856 991.
567 4793 601 4842 88
612 4808 640 4842 n.
1050 4810 1089 4857 29.
1110 4796 1221 4861 ἐτώσιον]
1234 4797 1315 4846 Hom.
1328 4802 1361 4847 Π.
1376 4799 1414 4847 τ8.
1430 4815 1487 4860 104.

424 4874 450 4919 9.
467 4875 576 4921 peregre
587 4859 678 4923 egens]
689 4857 729 4908 (il.
743 4859 790 4921 Ep.
803 4874 859 4921 9⁹4
872 4862 901 4909 ro
912 4875 941 4910 n.
1050 4875 1090 4921 30·
1109 4862 1139 4910 in
1150 4863 1256 4911 theatro
1280 4862 1321 4912 (if.
1331 4864 1398 4914 Hor.
1412 4869 1461 4924 Ep.
1472 4882 1497 4915 α.
1508 4882 1532 4914 α.
1545 4880 1595 4928 rso

428 4938 465 4971 τα.
482 4924 634 4987 epistolum]
647 4925 695 4987 Ep.
707 4926 763 4985 906.
1051 4941 1091 4986 31.
1110 4927 1247 4991 epistolio]
1295 4930 1538 4980 rittenosrlierin
1552 4933 1594 4980 the

457 4988 611 5054 displicere]
627 4990 676 5052 Ep.
688 5003 745 5051 954.
758 5003 810 5050 3,4.
1017 5006 1097 5053 year:
1115 4994 1149 5043 cl.
1160 4994 1207 5056 Ep.
1220 5009 1278 5056 929.
1289 5008 1364 5055 33-5.
