3867 6034
286 701 361 786 800]
647 704 702 765 ΤΟ
728 703 847 766 ΡΑΠΙι
874 706 1125 769 BOMBASIUS
1422 706 1483 768 255

284 860 450 922 habiturus
471 863 498 921 si
519 861 571 923 vel
592 862 723 939 paulum
743 882 796 922 me
816 863 911 923 velim
932 864 1111 941 principum
1130 863 1266 942 negociis
1285 863 1480 941 immergere„

283 958 413 1020 Adeone
434 958 581 1037 quicquid
602 960 637 1019 in
658 963 799 1022 mentem
819 960 917 1036 venit
942 960 1016 1021 ilico
1035 960 1154 1022 chartis
1173 960 1362 1021 illinendum
1382 963 1481 1048 putat,

285 1077 384 1135 neque
394 1057 560 1135 quicquam
572 1057 667 1118 babet
680 1058 771 1135 pensi
784 1058 898 1137 quibus
908 1060 1012 1121 modis
1025 1060 1162 1120 amioum
1172 1059 1309 1120 inlibris
1321 1060 1484 1121 nominet?
1495 1070 1526 1121 ³5

286 1154 354 1233 Ego
381 1158 462 1216 certe
495 1155 598 1228 illum,
630 1156 773 1217 nondum
800 1158 927 1217 tantum
958 1160 1095 1234 quantus
1122 1176 1207 1217 nunc
1234 1160 1291 1233 est,
1321 1157 1483 1235 aliquanto

284 1253 545 1314 honorificentius
562 1253 695 1314 tractaui
713 1253 747 1314 in
767 1254 847 1314 meis
865 1253 1068 1315 chiliadibus.
1113 1255 1268 1315 Fortassis
1286 1254 1345 1315 hoc
1362 1275 1436 1315 vere
1452 1259 1483 1315 te

284 1352 394 1423 visam,
409 1352 474 1412 nisi
488 1354 524 1412 tu
539 1352 627 1429 prius
640 1352 774 1412 Romam
788 1352 947 1430 repetieris
960 1374 967 1426 ;
988 1355 1021 1412 et
1031 1352 1096 1413 illic
1110 1352 1240 1412 forsitan
1250 1353 1350 1414 adero.
1396 1353 1483 1415 Bene

285 1449 364 1524 vale,
383 1450 541 1520 Bombasi‚
555 1449 729 1510 amicorum
744 1450 973 1527 syncerissime.

328 1548 461 1609 Lcuauii
474 1548 576 1626 pridie
589 1546 667 1609 Idus
683 1547 786 1609 Marti.
803 1549 887 1608 Anu.
904 1566 1068 1608 u.n.xvr11.
1494 1558 1527 1610 4⁰

610 1748 726 1813 ἵπ801.
774 1748 872 1813 Facu
895 1749 991 1814 Jonu
1014 1749 1164 1815 Facem.

323 1884 405 1940 Basle
418 1884 493 1940 Mb:
513 1884 749 1941 Amorbachiana
1203 1884 1401 1959 (Frontina.)

1157 1972 1273 2044 <March
1286 1975 1334 2029 tin.
1350 1972 1445 2047 1518.)

285 2092 476 2208 ruer
487 2091 1482 2208 nucu

285 2171 1032 2339 {arietinicuruantur?
1044 2160 1484 2340 „00‘

286 2357 423 2404 instaures
433 2355 481 2405 tha
492 2355 641 2404 variatione
650 2355 775 2403 between
786 2354 860 2402 them
872 2367 919 2402 are
930 2302 979 2402 abt
989 2303 1079 2403 weita
1092 2329 1255 2420 recordiirg.]
1345 2305 1364 2354 p

330 2472 361 2532 S.
371 2471 408 2533 P.
419 2471 456 2531 D.
481 2472 570 2547 Quod
599 2471 676 2532 adeo
695 2470 796 2531 amico
817 2470 850 2530 in
872 2488 923 2529 me
943 2490 977 2532 es
997 2470 1111 2545 animo,
1134 2470 1313 2533 doctissime
1342 2472 1480 2549 Erasme,

292 2570 391 2630 habeo
404 2570 556 2647 gratiam:
576 2569 667 2631 iacnt
678 2568 764 2629 Deus
777 2570 814 2628 vt
826 2567 995 2645 aliquando
1009 2567 1068 2628 tibi
1081 2568 1134 2630 vel
1146 2587 1185 2631 ex
1198 2572 1286 2646 parte
1300 2571 1485 2649 respondere

294 2667 419 2745 possim
471 2667 560 2742 Quod
591 2666 701 2728 scribis
733 2667 878 2727 risurum
907 2668 939 2725 te
965 2684 1023 2725 nos
1049 2667 1191 2743 proxima
1217 2670 1323 2743 estate
1353 2668 1484 2729 mirifice

292 2766 418 2844 gaudeo,
434 2764 529 2844 idque
546 2769 583 2827 vt
600 2765 693 2827 facias
712 2764 807 2825 etiam
825 2766 920 2842 atque
935 2764 1032 2825 etiam
1048 2784 1131 2843 rogo.
1174 2767 1222 2826 De
1239 2768 1327 2843 peste
1341 2764 1423 2826 nihil
1435 2769 1484 2828 eet

290 2865 372 2943 quod
399 2866 518 2926 timeas
571 2863 737 2924 Perienmt
760 2862 843 2941 apud
870 2883 936 2938 nos,
960 2863 1067 2938 fateor,
1090 2864 1300 2943 superioribus
1322 2864 1512 2929 mensibuss

294 2962 413 3041 aliquot
433 2961 599 3036 homines;
623 2981 688 3022 non
707 2965 794 3040 peste
815 2964 922 3022 tamen
941 2962 995 3022 sed
1016 2960 1096 3021 febri
1115 2961 1219 3023 nescio
1239 2982 1310 3040 qua.
1354 2962 1422 3023 Iam
1444 2963 1485 3024 ad

294 3062 373 3121 duos
386 3079 511 3121 menses
526 3063 559 3119 et
575 3059 712 3137 amplius
731 3078 771 3118 ne
786 3057 889 3119 morbi
908 3058 1037 3135 quidem
1055 3059 1182 3133 mentio,
1198 3062 1323 3121 tantum
1340 3059 1429 3122 abest
1449 3064 1485 3121 vt

287 3158 455 3237 quisquam
469 3158 588 3219 obierit.

332 3254 421 3331 Quod
436 3255 672 3317 Testamentum
687 3258 778 3315 tuum
792 3274 901 3316 rursus
913 3254 994 3315 mihi
1008 3254 1224 3316 excudendum
1243 3255 1343 3330 offere,
1360 3258 1486 3315 tantum
1578 3304 1580 3308 .

292 3354 352 3415 tibi
366 3354 464 3415 debeo
478 3355 633 3431 quantum
647 3372 810 3430 nunquam
824 3351 1000 3430 persoluere
1017 3371 1152 3429 possum.
1197 3352 1318 3413 curabo
1336 3356 1372 3413 vt
1391 3372 1485 3431 quam
1500 3375 1531 3412 10

293 3451 583 3513 emendatissimum
601 3450 636 3509 in
653 3470 766 3510 manus
782 3450 949 3510 bominum
962 3452 1059 3510 exeat.
1102 3451 1220 3510 Verum
1234 3450 1330 3511 timeo
1345 3469 1385 3510 ne
1399 3450 1430 3511 id
1446 3453 1484 3511 ad

293 3551 472 3629 proximum
500 3551 670 3610 mercatum
704 3547 995 3609 Franciordieneem
1026 3547 1094 3608 fieri
1122 3548 1230 3626 possit,
1260 3548 1374 3626 partim
1403 3548 1485 3626 quod

293 3649 395 3709 obstet
415 3646 566 3726 temporis
585 3646 736 3723 angustia,
753 3646 869 3723 partim
890 3646 973 3723 quod
993 3646 1059 3706 sint
1081 3647 1162 3707 mihi
1182 3645 1278 3706 terme
1299 3645 1372 3705 libri
1393 3646 1485 3723 quad·

292 3747 431 3823 ringenti
452 3765 490 3805 er
511 3745 608 3822 priori
631 3744 777 3819 editione,
797 3764 875 3822 quos
893 3743 1021 3805 interim
1042 3743 1280 3822 quoquomodo
1301 3744 1483 3805 distraham.

293 3843 453 3905 Laborabo
473 3845 509 3903 vt
528 3843 566 3903 ad
589 3842 772 3902 Paschalem
793 3845 965 3902 mercatum
987 3842 1276 3904 Francfordiensem
1294 3842 1482 3920 diuulgetur.
1501 3866 1510 3901 ι
1516 3867 1530 3917 5

294 3942 462 4005 Suetonius
481 3943 555 4000 tuus
576 3940 614 4000 ad
634 3940 815 4017 proximum
835 3942 1016 4017 Augustum
1036 3939 1225 4001 absoluetur.
1270 3939 1483 4014 Euchiridion‚

295 4038 547 4118 quamprimum
566 4039 696 4098 domum
712 4037 839 4112 rediero,
854 4036 913 4098 sub
928 4037 1075 4098 incudem
1088 4056 1211 4115 ponam
1255 4038 1378 4099 Feceris
1404 4038 1486 4098 mihi

293 4157 360 4198 rem
373 4136 543 4198 admodum
558 4138 679 4214 gratam
694 4137 721 4197 si
735 4135 967 4214 quamprimum
982 4137 1061 4196 meis
1079 4136 1229 4213 impensis
1241 4136 1279 4196 ad
1294 4156 1346 4197 me
1364 4134 1485 4197 dederis

293 4235 437 4297 libellum
477 4238 569 4295 tuum
605 4235 644 4294 de
678 4234 835 4313 Principe,
868 4254 964 4312 quem
998 4255 1107 4296 rursus
1141 4236 1315 4309 excudam3
1349 4233 1485 4311 priorem

291 4333 460 4394 editionem
474 4333 659 4410 iampridem
673 4333 811 4394 distraxi
1500 4348 1530 4385 20

332 4431 366 4493 Si
380 4450 474 4509 quam
487 4431 584 4491 habes
600 4432 733 4492 feturam
748 4451 842 4509 quam
856 4432 938 4492 felici
956 4436 1012 4493 tuo
1030 4431 1155 4510 ingenio
1173 4435 1311 4493 recenter
1326 4432 1482 4512 peperisti,

675 4595 733 4644 801.
754 4610 776 4655 7.
795 4595 882 4643 morbi
893 4593 936 4643 αἱς
953 4595 1050 4643 mortis
1059 4592 1094 4643 α’.

324 4729 381 4777 800.
394 4743 433 4789 34
448 4729 549 4777 chartis
574 4728 614 4776 Cf.
628 4727 693 4777 Hor.
708 4733 733 4777 S.
751 4743 772 4776 r.
785 4745 807 4787 4.
821 4730 862 4789 3⁶·
913 4727 1039 4777 lradbeen
1047 4725 1167 4787 priuted;
1178 4727 1486 4792 seeErasmus'Apoleqr'o

324 4809 364 4855 37.
382 4794 553 4843 Cbiliadibus
574 4793 613 4842 Cf.
624 4793 689 4856 Epp.
700 4794 862 4855 211.43and
913 4809 961 4852 quc
972 4796 1089 4850 respondet
1099 4791 1130 4840 Ρ.
1142 4790 1186 4850 M,
1198 4792 1288 4842 Jortiu
1302 4794 1330 4844 ii.
1340 4809 1396 4855 497.

291 4861 348 4922 398.
361 4861 384 4908 8.
948 4861 984 4906 16.
1001 4855 1157 4920 Suetonius]
1170 4858 1237 4920 Epp.
1251 4861 1307 4921 586,
1320 4861 1377 4922 648.

324 4926 380 4974 801.
400 4928 425 4973 6.
442 4924 524 4988 sobri]
537 4924 576 4973 Cf.
588 4926 640 4974 Zw.
655 4924 696 4973 E.¹
707 4939 747 4985 31.
978 4921 1169 4986 Euchiridion]
1182 4923 1230 4985 Ep.
1242 4925 1299 4987 ssa

326 5006 363 5052 ¹3·
381 4990 587 5055 quadringenti]
610 4990 684 5039 ltore
706 4989 775 5040 than
800 5004 863 5039 racc
949 5004 985 5051 ¹9·
1004 4990 1037 5038 de
1049 4988 1188 5053 Principe]
1200 4989 1269 5055 Epp.
1281 5006 1339 5055 393,
1350 4994 1407 5054 853.
