3867 6034
477 702 519 760 50
824 694 1016 758 LETTERS
1043 697 1097 758 OF
1124 693 1325 756 ERASMUS
1587 690 1683 775 [15¹7

876 893 950 957 627.
996 889 1046 956 To
1068 890 1176 957 Lonrs
1199 888 1282 955 Baa.

515 1029 656 1086 Deventer
667 1026 726 1083 MS.
741 1043 784 1098 91,
799 1027 818 1083 f.
836 1028 876 1098 56.
1453 1024 1589 1083 Lourain.

514 1116 568 1173 LB.
582 1117 655 1188 App.
671 1118 730 1172 162.
1396 1128 1429 1181 23
1441 1113 1555 1185 August
1571 1129 1647 1186 1517.

493 1262 650 1311 ERAShlVS
672 1261 852 1312 THEOLOGO
874 1261 995 1311 SVMMO
1016 1258 1190 1309 LVDOVICO
1213 1257 1302 1306 BEBO
1323 1256 1480 1306 Parnono
1502 1259 1566 1307 SVO
1588 1260 1615 1308 Β.
1635 1261 1668 1309 D.

519 1384 609 1461 Qvon
633 1388 715 1445 recte
738 1383 824 1444 valet
845 1386 957 1446 vnious
984 1384 1135 1462 patronus
1163 1401 1252 1441 meus
1280 1380 1389 1454 Berus,
1415 1400 1490 1442 sane
1518 1383 1684 1444 exanimo

477 1483 604 1561 gaudeo.
649 1482 721 1543 Non
744 1482 948 1543 abhorrebam
969 1502 989 1544 a
1010 1480 1143 1553 Basilea,
1167 1499 1261 1558 quam
1283 1478 1364 1539 mihi
1387 1498 1451 1539 non
1474 1480 1584 1541 minus
1605 1482 1684 1543 coeli

476 1580 649 1641 amoenitas
663 1599 757 1657 quam
768 1579 828 1640 iste
838 1582 913 1640 tuus
923 1578 1050 1640 animus
1064 1576 1272 1638 commendat.
1316 1575 1436 1635 Verum
1450 1576 1580 1638 Carolus
1594 1576 1685 1639 Prin·

477 1696 549 1755 ceps
570 1677 634 1738 iam
654 1677 734 1737 duos
753 1677 852 1737 ferme
871 1696 997 1738 meuses
1016 1676 1124 1735 haeret
1147 1672 1181 1732 in
1199 1672 1313 1745 littore,
1336 1671 1442 1733 ventis
1462 1677 1613 1734 nontam
1634 1675 1683 1735 illi

450 1791 571 1852 squam
585 1773 677 1834 nobis
689 1772 836 1834 omnibns
853 1771 1101 1834 aduersantibus.
1147 1769 1187 1829 Et
1202 1769 1376 1847 Syluagius,
1393 1770 1593 1848 Burgondiae
1607 1772 1685 1834 (lau-

477 1871 631 1946 oellarius,
647 1875 812 1932 numerata
825 1871 863 1931 de
878 1892 934 1931 suo
949 1870 1099 1948 pensione
1110 1886 1188 1946 quae
1199 1887 1238 1928 ex
1247 1866 1406 1944 Principis
1417 1868 1490 1928 fisco
1501 1868 1682 1948 debebatur,

476 1989 539 2047 quo
549 1968 631 2029 nihil
641 1971 689 2029 est
698 1967 833 2042 inanius,
845 1968 971 2045 magnis
980 1964 1144 2044 promissis
1155 1984 1206 2025 me
1213 1964 1357 2024 onerauit
1364 1963 1440 2024 hino
1448 1965 1483 2025 in
1493 1965 1683 2045 Hispaniam

476 2065 682 2143 proficiscens
705 2062 877 2142 cupiebam
885 2063 1019 2141 experiri
1027 2062 1183 2141 paulisper
1191 2062 1563 2139 quorsumreseuaderst
1581 2064 1685 2140 Quan-

477 2183 572 2241 quam
592 2162 775 2223 huiusmodi
795 2165 936 2240 tempora
956 2161 1137 2222 inciderunt
1155 2162 1199 2235 vt,
1224 2159 1251 2219 si
1272 2158 1409 2219 maxime
1422 2160 1600 2236 voluissem,
1617 2183 1682 2224 non

435 2261 572 2321 soluerit
584 2262 692 2321 tutum
705 2259 787 2320 istuc
801 2258 861 2318 iter
875 2257 1005 2335 ingredi
1049 2256 1186 2318 Interim
1208 2256 1342 2316 Louanii
1355 2256 1509 2332 sedemus,
1528 2259 1684 2339 theologis

478 2357 626 2419 omnibus
636 2377 760 2418 summa
773 2356 970 2417 humanitate
984 2376 1043 2417 nos
1057 2354 1290 2433 accipientibus.
1335 2354 1374 2415 Id
1388 2375 1424 2414 eo
1438 2354 1517 2415 facio
1532 2355 1684 2419 libentius

477 2456 559 2533 quod
575 2456 701 2516 audiam
720 2455 823 2516 adhuc
844 2453 1028 2516 carmelitae
1048 2453 1152 2515 neseio
1174 2471 1252 2529 quos
1269 2451 1376 2512 moliri
1397 2452 1502 2513 neseio
1521 2453 1606 2531 quid,
1628 2457 1682 2517 sed

476 2569 591 2627 paucos
603 2550 731 2627 aliquot.
776 2549 823 2609 De
836 2547 937 2609 Fabro
948 2549 1045 2623 doleo,
1058 2549 1114 2625 qui
1125 2567 1176 2607 me
1186 2546 1292 2607 odiosa
1306 2546 1519 2623 disputatione
1529 2548 1684 2625 compulit

477 2647 538 2707 sibi
550 2648 758 2726 respondere;
779 2650 826 2708 tot
841 2648 911 2708 odia
923 2648 1091 2709 verborum
1110 2646 1254 2706 inculcat.
1298 2646 1377 2706 Rem
1397 2665 1435 2705 ex
1452 2645 1559 2707 libello
1573 2667 1684 2726 cogno·

435 2763 551 2820 15soes.
596 2745 778 2823 Dispeream
797 2744 831 2803 ni
847 2744 1031 2806 maluissem
1044 2746 1157 2822 ingens
1171 2744 1320 2803 volumen
1341 2741 1397 2802 illo
1417 2743 1573 2804 laudando
1586 2766 1683 2823 quam

477 2843 646 2904 refellendo
667 2861 823 2920 occupare
880 2842 1015 2921 Dorpius
1039 2862 1077 2903 ex
1102 2842 1209 2901 animo
1233 2843 1281 2900 est
1304 2840 1433 2902 amicus.
1491 2842 1578 2903 Bene
1600 2843 1681 2920 vala,

476 2947 656 3021 praeceptor
670 2941 795 3019 optime.
841 2941 974 3002 Louanii
987 2941 1088 3020 pridie
1103 2939 1321 3001 Bartholomei
1334 2941 1399 3000 Au.
1414 2960 1481 3000 mu.
1504 2957 1548 3012 17.

776 3110 893 3176 ⁶⁹⁴628.
936 3109 986 3175 To
1009 3111 1149 3176 Bararus
1172 3109 1376 3175 Rnnnanns.

512 3237 654 3294 Dcventer
666 3235 723 3292 MS.
739 3253 782 3307 91,
797 3237 815 3292 f.
830 3252 872 3304 47.
1431 3237 1564 3297 Louvain

512 3325 567 3381 LB.
581 3325 652 3397 App.
670 3326 728 3391 164.
1355 3341 1389 3393 23
1402 3324 1515 3396 August
1529 3325 1646 3400 (1517).

566 3445 698 3509 [Perhaps
709 3443 831 3494 received
843 3458 879 3492 on
892 3457 903 3491 r
917 3443 999 3506 Sept,
1013 3444 1046 3492 of.
1058 3442 1136 3492 BRE.
1150 3444 1191 3505 69.
1227 3444 1278 3493 For
1287 3461 1303 3491 α
1315 3443 1369 3493 and
1381 3445 1400 3499 β
1410 3460 1454 3494 see
1465 3445 1514 3508 Ep.
1526 3446 1600 3511 dno]

838 3574 995 3623 ERASMVS
1018 3574 1129 3622 BEATO
1150 3574 1215 3622 SVO
1237 3576 1264 3624 S.
1284 3577 1317 3624 D.

517 3699 566 3758 Da
580 3695 733 3758 Frobenio
747 3694 828 3755 nihil
848 3695 961 3755 mirer:
983 3695 1060 3755 noui
1080 3694 1222 3756 hominis
1242 3696 1414 3774 ingenium.
1459 3699 1506 3758 De
1519 3699 1683 3763 Lachnero

476 3795 574 3854 miror
590 3813 645 3853 our
664 3793 746 3854 nolit
761 3795 816 3853 tuo
831 3793 878 3853 vti
897 3792 1035 3866 consilio,
1058 3794 1243 3869 praesertim
1261 3814 1335 3855 cum
1356 3795 1388 3856 id
1407 3796 1577 3874 diligenter
1596 3819 1683 3861 man·

477 3893 585 3951 darim.
629 3891 812 3969 Quanquam
834 3892 861 3952 is
881 3912 939 3969 per
958 3911 1052 3969 quem
1066 3892 1146 3952 mihi
1163 3893 1359 3969 respondent,
1376 3894 1487 3954 scribit
1503 3898 1535 3954 te
1556 3897 1591 3957 in
1613 3918 1682 3960 oon·

477 3988 586 4048 silium
612 3987 791 4047 adhibitum
819 3988 868 4064 iri,
892 4009 965 4050 cum
993 3989 1192 4050 adornabunt
1219 3990 1400 4053 editionem.
1445 3992 1529 4067 Quos
1556 3999 1684 4058 autores

450 4084 641 4157 sexcudant,
664 4084 709 4144 mi
729 4085 832 4158 Beate,
855 4089 964 4146 nostra
985 4105 1050 4146 non
1075 4087 1183 4164 magni
1211 4088 1315 4163 refert,
1339 4088 1433 4149 modo
1454 4089 1545 4151 nobis
1566 4093 1683 4156 faciant

477 4182 562 4244 satis
606 4181 694 4256 Quod
710 4182 737 4240 si
751 4181 823 4241 illos
838 4184 937 4243 nostri
952 4184 1065 4262 pigeat,
1082 4183 1146 4244 iam
1160 4184 1199 4245 ad
1214 4204 1265 4246 me
1279 4186 1404 4265 scripsit
1417 4188 1588 4266 Asulanus,
1604 4190 1683 4252 Aldi

510 4322 567 4372 627.
586 4336 610 4383 5.
629 4321 840 4383 Syluagruslls.
907 4322 931 4369 6.
951 4325 1068 4370 suoLB:
1085 4336 1133 4371 sna
1145 4327 1197 4372 MS.
1273 4324 1331 4375 628.
1351 4339 1372 4375 1.
1392 4327 1518 4376 mirera:
1537 4329 1683 4381 mirorLB.

478 4404 499 4436 a¹
518 4389 604 4436 miror
614 4388 632 4440 β
644 4404 650 4435 z
667 4387 737 4434 miro
748 4402 771 4433 u.

494 4514 551 4563 627.
569 4531 593 4573 4.
613 4513 679 4563 duos
690 4512 775 4563 ferme
787 4511 906 4577 mensos]
919 4513 959 4565 ci.
970 4530 996 4584 p.
1010 4531 1034 4577 3.
1103 4519 1134 4568 ll.
1157 4534 1208 4581 4,5‚
1230 4520 1339 4582 implica
1356 4521 1404 4571 the
1426 4526 1600 4587 expeotation
1619 4526 1682 4577 that

510 4581 534 4628 (a
552 4576 694 4642 pensione]
705 4579 746 4629 Ol.
759 4580 807 4643 Ep.
821 4592 878 4641 597.
890 4581 931 4630 26.
1103 4584 1231 4634 Erasmus
1242 4586 1333 4635 would
1344 4587 1423 4637 make
1434 4604 1449 4637 a
1461 4590 1525 4653 long
1536 4594 1605 4654 stay.

514 4658 551 4694 ro.
571 4645 675 4709 tutum]
688 4646 728 4695 Cf.
741 4646 788 4708 Ep.
801 4660 857 4708 597.
869 4661 909 4708 49.
1135 4650 1194 4700 628.
1215 4665 1236 4699 1.
1256 4652 1327 4700 nihil
1340 4654 1436 4718 mirer]
1446 4654 1498 4704 For
1505 4658 1626 4707 coolness
1637 4657 1680 4708 be-

514 4725 551 4759 ra.
568 4710 738 4774 Carmelitas]
750 4712 790 4760 Ol.
805 4712 853 4774 Ep.
867 4726 924 4774 597.
938 4727 970 4774 57
980 4727 1008 4763 n.
1103 4718 1193 4764 tween
1216 4717 1344 4767 Erasmus
1365 4721 1420 4768 and
1444 4721 1550 4772 Froben
1571 4727 1602 4772 at
1623 4724 1682 4773 thia

515 4778 552 4823 16.
569 4775 697 4852 Eorpius]
710 4776 757 4826 Dr.
769 4777 803 4824 de
814 4777 913 4840 Jongh,
926 4782 982 4827 Rev.
996 4783 1052 4828 hiat.
1105 4781 1172 4829 time
1184 4796 1227 4830 soe
1240 4782 1306 4846 Epp.
1318 4786 1375 4848 629,
1390 4801 1446 4848 705,
1461 4801 1516 4848 733.

478 4844 527 4889 etot
550 4854 590 4889 ιη
610 4842 707 4904 (1911),
727 4856 771 4904 pp.
793 4856 874 4904 114‚5,
898 4844 1003 4907 prefers
1025 4848 1054 4893 to
1138 4847 1203 4906 3.is
1228 4862 1276 4909 per
1299 4850 1393 4916 quem]
1417 4852 1552 4916 Probably
1573 4854 1681 4917 Angst;

479 4907 540 4955 date
558 4906 606 4968 Ep.
623 4919 672 4966 509
688 4912 717 4955 st
734 4907 790 4956 this
807 4908 916 4969 period;
938 4911 1056 4973 arguing
1104 4925 1148 4959 see
1159 4912 1207 4975 Ep.
1219 4914 1277 4974 ⁶34·

478 4972 539 5021 that
564 4972 696 5020 ‘Posthac
718 5007 726 5022 .
749 5008 755 5021 .
777 5008 784 5021 .
807 4987 869 5034 sepe
890 4977 1051 5038 accurram,
1137 4978 1161 5027 6.
1180 4978 1330 5046 Asulanus]
1345 4981 1392 5044 Ep.
1406 4983 1464 5046 589.
